3525 5025
669 508 891 567 ..75-

265 680 349 743 lructu
370 682 541 757 commedit,
564 683 724 745 sanitatem
749 682 912 763 perfectam
937 683 1063 747 inuenit
1108 681 1226 745 Accidit
1253 700 1317 747 vno

215 768 308 831 ustie
327 770 406 849 quod
429 772 595 849 burgensis
618 775 722 834 ortum
746 772 877 834 intrauit
923 770 1075 835 Arborem
1092 770 1232 847 uisitauit,
1256 770 1316 835 sub

263 859 358 921 arbore
378 860 515 940 respexit
539 860 617 922 vidit
640 860 797 939 quandam
821 860 968 940 pinellam
988 861 1148 941 pulchram
1172 878 1315 937 crescere,

263 948 369 1011 uocauit
390 950 565 1012 ortulanum
589 953 621 1011 el
641 950 695 1012 ait:
722 950 917 1027 „Karissinie
933 968 1038 1012 curam
1061 948 1102 1012 de
1125 950 1179 1012 ista
1203 948 1316 1029 pinella

262 1036 404 1115 specialem
439 1038 561 1115 habeas,
597 1038 671 1117 quia
703 1057 796 1118 spero
829 1039 989 1102 meliorem
1023 1039 1166 1102 arborem
1203 1038 1316 1101 babere

262 1143 341 1203 quarn
363 1125 416 1189 ista
431 1131 504 1189 est«
546 1126 597 1190 Ait
612 1127 785 1191 ortulanus:
812 1127 978 1205 „Domine
994 1128 1047 1190 liat
1062 1128 1206 1191 uoluntas
1220 1132 1271 1190 tua
1285 1129 1312 1189 p.

216 1214 349 1277 mntem
370 1215 419 1278 die
442 1216 568 1278 intrauit
589 1220 619 1278 et
641 1216 787 1296 pinellam
810 1216 955 1295 uisitauit;
990 1216 1114 1280 uocauit
1136 1216 1313 1281 ortulanum

261 1307 286 1363 et
303 1304 350 1366 ait:
379 1305 574 1381 „Karissime
599 1323 663 1369 non
687 1304 809 1368 videtur
830 1305 924 1369 michi
948 1304 1033 1385 quod
1058 1304 1172 1386 pinella
1194 1310 1315 1383 crescat,

261 1392 328 1454 sicut
347 1412 478 1456 crescere
494 1394 648 1457 deberetu
675 1395 740 1469 Qui
762 1395 816 1457 ait:
843 1393 1009 1471 „Domine
1034 1393 1148 1456 mirum
1172 1412 1235 1457 non
1261 1400 1314 1459 est

261 1481 350 1544 Arbor
371 1482 424 1545 ista
446 1487 492 1545 est
514 1488 576 1545 tam
600 1484 696 1563 longa
717 1489 748 1546 et
768 1483 827 1545 lata
856 1501 928 1546 cum
951 1483 1053 1560 ramis,
1084 1483 1170 1563 quod
1193 1500 1247 1547 aer
1269 1482 1314 1564 pi-

261 1570 360 1632 nellam
391 1572 538 1652 attingere
571 1590 635 1635 non
671 1576 799 1652 potest·
852 1573 892 1634 At
925 1573 989 1635 ille:
1028 1572 1162 1641 „Remos
1195 1572 1316 1637 arboris

216 1659 377 1736 assuccide,
400 1665 433 1723 ut
455 1679 509 1724 aer
531 1659 676 1741 pinellam
701 1660 799 1741 possit
819 1662 969 1725 uisitare!¹
1009 1663 1045 1724 Et
1067 1662 1111 1725 sic
1132 1662 1245 1724 iactum
1261 1666 1314 1725 est

262 1745 335 1809 Stetit
360 1750 451 1813 amor
480 1749 611 1814 totaliter
642 1750 735 1812 nuda
781 1751 948 1830 Burgensis
978 1750 1070 1814 tercia
1099 1750 1165 1813 vice
1193 1750 1316 1813 intrauit

262 1835 313 1898 cito
334 1843 398 1917 post
420 1839 488 1916 boc,
513 1843 547 1901 ut
569 1839 713 1919 pinellam
738 1840 879 1902 visitaret
926 1839 1009 1904 Cum
1033 1856 1198 1902 ueroeam
1222 1838 1314 1903 vidis-

262 1930 306 2002 set,
335 1928 507 1990 ortulanum
532 1928 656 1991 uocauit
678 1933 707 1990 et
728 1929 771 1991 ait
792 1928 832 1991 ei:
867 1928 1061 2003 »Karissime
1086 1926 1248 2007 quomodo
1270 1932 1315 1991 est

263 2013 333 2077 hoc?
376 2016 491 2080 Pinella
527 2017 567 2079 ad
598 2017 717 2080 libitum
749 2035 853 2080 meum
889 2034 952 2079 non
988 2017 1122 2080 crescit⁴¹
1171 2016 1235 2091 Qui
1258 2017 1313 2079 ait:

219 2117 252 2162 no
267 2103 414 2182 ‚Domine
450 2107 565 2168 mirum
600 2124 664 2168 non
699 2110 752 2169 est.
799 2105 937 2169 Altitudo
972 2106 1093 2170 arboris
1125 2106 1261 2186 pluuium
1286 2110 1316 2169 et

263 2192 347 2255 solem
370 2194 505 2275 impedit,
529 2213 668 2276 perque
691 2195 756 2258 duo
779 2195 893 2276 pinella
916 2213 1052 2258 crescere
1075 2194 1227 2259 deberet¹⁴
1275 2197 1315 2258 nt

262 2280 315 2343 ille:
345 2284 406 2347 „Ex
434 2302 499 2363 quo
529 2284 574 2347 sic
600 2290 652 2361 est,
683 2288 777 2346 totam
804 2284 947 2348 arborem
972 2285 1103 2360 succide,
1127 2285 1200 2365 quia
1222 2302 1314 2364 spero

261 2368 295 2430 de
314 2372 419 2451 pinella
443 2373 603 2437 meliorem
627 2373 740 2435 habere
763 2390 857 2452 quam
879 2374 974 2437 arbor
997 2374 1053 2437 ista
1067 2380 1142 2437 este
1191 2372 1313 2437 Orlula-

263 2474 313 2522 nus
332 2480 402 2526 vero
423 2462 554 2526 totaliter
581 2480 647 2526 eam
671 2462 808 2526 succidit
854 2463 965 2528 Postea
995 2463 1108 2545 pinella
1139 2462 1264 2528 euanuit
1286 2467 1315 2528 et

221 2549 354 2614 mnullus
381 2553 538 2632 proiectus
567 2552 640 2614 inde
669 2552 761 2614 venit
807 2552 961 2634 Paupcres
984 2571 1020 2616 ac
1043 2553 1158 2616 infirmi
1183 2552 1239 2615 bec
1260 2571 1314 2616 au·

263 2637 390 2720 dien-(BL
417 2641 571 2720 142r.)tes
602 2640 853 2704 malediccionem
885 2643 1034 2706 omnibus
1065 2642 1124 2704 iltis
1155 2640 1314 2716 dederunt,

262 2726 306 2804 qui
325 2731 434 2793 auxilio
457 2730 506 2793 vel
531 2730 661 2795 consilio
683 2728 823 2793 iecerunt
844 2735 876 2793 vt
905 2731 1000 2795 arbor
1021 2731 1235 2806 destrueretur,
1259 2747 1315 2810 per

261 2832 341 2892 qnam
362 2819 476 2881 infirmi
500 2819 578 2881 salui
603 2819 670 2881 lacti
694 2824 774 2881 sunt

396 3014 500 3076 Prima
524 3014 661 3077 narracio
685 3015 776 3094 primi
801 3015 937 3094 magistri
962 3013 1021 3098 (Βὶ.
1049 3021 1109 3079 143
1117 3015 1161 3094 n).

721 3131 835 3205 [Canisl

335 3262 423 3324 ltliles
445 3261 574 3341 quidam
590 3266 661 3338 erat,
676 3265 842 3324 strennuus
857 3261 954 3339 valde,
977 3262 1032 3342 qui
1047 3266 1164 3325 tantum
1188 3261 1313 3325 unicum

221 3346 346 3412 millium
369 3351 508 3428 habebat,
532 3351 610 3414 sicut
632 3368 691 3414 uos
713 3350 839 3428 habetis
862 3350 918 3413 sed
942 3356 1004 3414 erat
1026 3350 1136 3416 inians.
1182 3351 1313 3415 Tantum

259 3435 339 3501 istum
362 3440 509 3503 infantem
533 3439 645 3518 dilexit,
669 3438 755 3519 puod
780 3440 838 3502 .lll.
863 3441 996 3504 nutrices
1020 3459 1077 3521 pro
1102 3441 1188 3522 pueri
1213 3446 1314 3504 custo-

258 3524 468 3592 diaordinauit:
481 3530 581 3608 prima
589 3529 698 3606 nutrix,
706 3533 740 3591 ut
746 3529 930 3608 eumaleret;
943 3529 1085 3606 secunda,
1099 3534 1210 3593 uteurn
1222 3547 1313 3594 asor-

259 3613 339 3680 dibus
353 3619 478 3696 lauaret;
502 3619 601 3695 tercia,
626 3621 659 3680 ut
673 3636 745 3680 eum
760 3618 800 3680 ad
816 3617 1037 3682 dormiendum
1053 3619 1192 3682 alliceret.
1240 3618 1314 3682 Post

260 3721 375 3780 puemm
391 3709 484 3772 istum
500 3708 566 3771 duo
582 3707 721 3785 babebat,
738 3724 800 3786 que
816 3708 896 3770 miro
913 3707 1008 3770 modo
1018 3708 1130 3785 dilexit,
1143 3726 1183 3771 sc.
1195 3708 1313 3788 lepora-

222 3801 250 3848 m
261 3792 329 3857 rium
338 3797 488 3878 optimum
497 3802 527 3859 et
540 3815 635 3859 vnum
648 3796 810 3859 falconem.
836 3797 1018 3877 leporarius
1034 3797 1096 3874 iste,
1114 3796 1262 3875 quociens
1273 3797 1313 3859 ad

260 3881 378 3962 aliquam
388 3887 516 3950 bestiam
528 3886 668 3963 cucurrit
681 3884 808 3966 predam
820 3886 924 3964 tenuit,
938 3904 1079 3965 quosque
1091 3885 1239 3948 dominus
1247 3885 1314 3949 eius

260 3973 337 4038 venit.
384 3977 466 4039 Etsi
491 3975 639 4038 dominus
661 3975 727 4037 eius
750 3977 780 4036 at
801 3974 918 4036 bellum
942 3974 1049 4038 debuit
1070 3973 1213 4037 accedere
1236 3978 1266 4037 et
1281 3975 1312 4037 in

261 4057 331 4124 bello
362 4065 514 4145 expedire,
550 4066 606 4127 .lll.
638 4064 732 4126 saltus
766 4063 813 4125 vel
849 4064 906 4127 .lV.
925 4070 1003 4126 ante
1032 4063 1196 4125 dominum
1220 4081 1312 4127 suum

263 4145 326 4227 lecit
348 4152 472 4232 quando
495 4172 611 4233 equum
635 4170 727 4215 suum
751 4150 915 4214 ascendere
938 4151 1068 4214 volebat.
1103 4151 1134 4214 si
1157 4169 1233 4214 vero
1248 4169 1312 4214 non

225 4241 402 4318 nnpediret
423 4244 455 4306 in
480 4244 571 4320 bello,
595 4241 766 4322 leporarius
788 4239 897 4316 statim,
920 4257 991 4302 curn
1015 4239 1162 4302 dominus
1185 4239 1251 4302 eius
1266 4258 1313 4301 as-
