3525 5025
1427 341 1616 360 —''-

169 476 173 637 l
817 481 859 492 ..
910 451 970 510 133
1018 482 1059 491 -

406 628 437 688 et
456 621 608 703 ediumvit
636 641 709 688 eum
737 623 769 687 in
796 623 925 688 nomine
949 621 1077 688 Domini
1105 627 1138 687 ut
1166 622 1331 687 dimitteret
1359 623 1483 687 librum

407 712 504 776 illum
549 712 586 776 lit
611 730 683 776 cum
714 712 884 778 revolveret
914 712 1036 791 librum,
1067 711 1184 776 invenit
1210 712 1241 775 in
1273 730 1336 776 una
1363 712 1485 793 pagina

405 801 474 882 ejus
499 801 647 883 scripbrm
676 801 765 882 quod
793 801 869 883 ipse,
900 801 950 864 illa
980 800 1030 865 die
1060 805 1090 863 et
1119 802 1196 865 hora
1224 819 1288 883 qua
1317 801 1482 880 debuerat,

350 907 395 954 aas
408 907 524 955 nonam
547 906 612 955 non
634 889 757 954 diderat
803 891 871 972 lpse
892 894 994 954 autem
1017 889 1116 954 statim
1147 894 1314 971 prostratus
1341 889 1483 972 pedibus

406 979 482 1044 socii
508 979 568 1058 sui,
596 997 684 1043 suam
712 979 888 1044 contusum
919 983 964 1044 est
991 979 1227 1060 negligenciam
1258 983 1287 1043 et
1314 979 1414 1043 statim
1442 979 1480 1043 in

407 1068 510 1134 rotolo
523 1067 650 1151 dyaboli
665 1067 840 1150 respiciens,
856 1067 973 1132 invenit
987 1066 1073 1149 quod
1090 1067 1175 1148 prius
1190 1072 1253 1132 erat
1268 1068 1311 1132 ibi
1327 1069 1479 1151 scriptum

405 1157 549 1235 delemur,
572 1163 602 1222 et
623 1175 662 1222 ex
684 1157 747 1222 hoc
767 1157 854 1220 novit
875 1157 1016 1221 virtutem
1040 1156 1252 1221 confessionis

497 1246 569 1312 item
596 1245 710 1310 dicitur
730 1245 827 1326 quod,
856 1263 928 1310 cum
956 1245 1091 1326 quedam
1118 1245 1213 1310 vidua
1238 1246 1480 1310 familiarissima

351 1353 395 1400 eoo
408 1339 488 1400 esset
508 1335 669 1416 cuiusdam
692 1335 829 1417 episcopi
857 1338 983 1417 propter
1005 1333 1186 1415 religionem
1209 1353 1272 1417 que
1295 1335 1481 1400 credebatur

407 1425 440 1490 in
462 1443 507 1504 ea,
529 1442 610 1502 cum,
633 1424 794 1505 instigante
816 1423 961 1504 dyabolo,
988 1428 1141 1506 peccasset
1162 1442 1232 1489 cum
1256 1424 1385 1506 proprio
1407 1424 1479 1488 tilio

407 1519 438 1578 et
459 1514 579 1595 prolem
602 1513 675 1578 inde
698 1513 861 1591 habuisset,
889 1512 972 1576 idem
994 1512 1155 1594 dyabolus,
1179 1513 1288 1578 volens
1310 1531 1377 1577 eam
1401 1531 1480 1578 con-

407 1603 539 1668 tundere
568 1608 599 1667 ct
631 1621 688 1685 per
720 1603 800 1666 banc
832 1601 991 1681 religiosas
1025 1619 1174 1682 personas
1204 1602 1408 1681 interminare,
1443 1602 1478 1666 in

408 1693 544 1756 bumana
565 1693 667 1774 specie
689 1691 773 1756 venit
792 1690 832 1754 ad
854 1691 1045 1772 episcopum,
1074 1689 1180 1755 dicens
1202 1690 1289 1771 quod
1312 1709 1379 1754 eam
1403 1708 1479 1772 pro-

351 1797 395 1846 auo
409 1781 495 1845 beret
516 1781 591 1863 ipse,
613 1781 665 1844 die
679 1782 838 1862 assignata,
861 1779 1026 1861 pessimam
1042 1780 1242 1844 meretricem.
1273 1779 1356 1843 Cum
1372 1784 1477 1845 autem

405 1875 593 1934 accussassct
620 1888 698 1948 eam,
731 1869 904 1951 assignatur
933 1869 960 1932 ei
992 1868 1059 1932 dies
1092 1867 1132 1932 ad
1167 1869 1364 1949 probandum
1395 1869 1479 1934 dicta

406 1961 514 2022 contra
534 1975 612 2022 eam.
649 1957 819 2039 Dyabolus,
842 1958 991 2038 colligens
1013 1962 1042 2022 et
1065 1957 1225 2039 inscripto
1249 1957 1393 2038 redigens
1412 1962 1480 2022 acta

406 2047 475 2126 eius
496 2052 527 2110 et
553 2063 663 2111 omnes
691 2047 804 2129 peceati
833 2047 901 2128 ejus
928 2047 1181 2125 circumstancias,
1210 2047 1249 2111 ad
1272 2047 1356 2111 diem
1380 2047 1477 2112 venit:

408 2135 460 2199 illa
481 2141 592 2213 autern,
614 2135 725 2200 videns
747 2136 807 2200 sibi
830 2135 914 2199 diem
939 2136 1056 2213 instare,
1088 2135 1228 2201 contessa
1251 2140 1296 2199 est
1318 2140 1475 2218 peccatum

350 2241 394 2290 mo
407 2241 514 2301 suum;
542 2223 696 2306 dyabolus
709 2230 821 2304 autem,
843 2237 880 2288 ea
895 2225 1034 2288 veniente
1048 2225 1088 2289 ad
1104 2225 1196 2303 diem,
1218 2225 1359 2307 aperiens
1381 2229 1477 2289 cartas

407 2330 487 2391 suas,
510 2313 627 2377 invenit
648 2313 754 2378 omnia
775 2332 838 2395 que
856 2319 962 2378 contra
976 2332 1043 2378 eam
1068 2314 1199 2378 habebat
1220 2313 1326 2392 deleta,
1350 2314 1477 2396 insuper

407 2419 465 2466 nec
486 2420 555 2466 eam
576 2403 712 2484 agnovit

786 2507 836 2567 n.
885 2501 939 2582 [=
963 2500 993 2566 s
1020 2502 1103 2583 rso]

495 2617 609 2681 Audivi
625 2617 712 2698 quod
735 2618 768 2681 in
784 2619 918 2699 quadam
941 2617 1068 2682 abbacia
1083 2622 1147 2682 erat
1166 2617 1258 2684 nidus
1274 2618 1473 2683 ciconiarum:

408 2724 478 2771 cum
501 2711 603 2771 autem
633 2707 787 2772 masculus
817 2707 990 2772 recessisset
1012 2706 1052 2770 de
1074 2706 1151 2772 nido
1173 2707 1212 2770 ad
1236 2711 1365 2789 pastum,
1396 2724 1472 2771 mas
1609 2768 1610 2790 q

351 2812 394 2860 orn
409 2795 496 2861 culus
528 2796 616 2875 alius,
646 2795 756 2860 nidum
788 2796 916 2875 intrans,
950 2796 1206 2860 commiscebatur
1239 2814 1309 2860 cum
1344 2796 1472 2875 ciconia;
1607 2804 1609 2873 l

408 2902 469 2966 que
491 2885 590 2949 statim
621 2883 660 2947 ad
687 2884 804 2948 iontem
836 2884 880 2950 ibi
913 2885 1135 2967 propinquum,
1165 2890 1328 2967 antequam
1360 2884 1473 2949 veniret

407 2972 474 3054 ejus
506 2974 667 3053 masculus,
698 2973 898 3054 descendens,
931 2992 964 3039 se
992 2973 1034 3039 ibi
1063 2974 1215 3038 abluebat
1260 2974 1343 3038 Cum
1374 2978 1470 3038 autem

407 3061 468 3126 boc
496 3063 671 3145 frequenter
705 3062 791 3126 tieret
821 3067 851 3127 et
874 3064 1017 3128 monachi
1051 3062 1113 3127 hoc
1146 3064 1344 3145 perciperent,
1380 3063 1470 3146 impe·

407 3150 531 3215 dierunt
558 3169 625 3215 eam
650 3170 689 3216 ne
711 3168 745 3215 se
767 3152 799 3215 in
828 3152 913 3217 tonte
940 3156 1044 3234 posset
1070 3152 1178 3231 lavare,
1209 3170 1374 3235 quousque
1398 3170 1469 3216 mas

350 3257 394 3304 mo
408 3239 496 3304 culus
518 3241 585 3320 ejus
608 3241 755 3319 venissem
778 3242 832 3323 qui
855 3242 955 3305 statim
978 3241 1151 3305 adulterum
1175 3241 1355 3323 percipiens,
1378 3241 1417 3305 ab
1437 3259 1469 3305 ea

407 3329 536 3409 recessit,
560 3332 589 3393 et
610 3330 684 3393 alias
706 3330 840 3394 ciconias
863 3331 895 3393 in
916 3330 1079 3393 maximam
1097 3329 1324 3394 multitudinem
1347 3348 1467 3411 congre·

407 3416 496 3499 gavit,
527 3436 589 3499 que
619 3418 650 3480 in
679 3423 766 3499 prato
789 3419 900 3497 vicino,
934 3418 977 3483 ibi
1004 3419 1211 3501 spectantibus
1239 3423 1268 3483 et
1295 3419 1467 3484 mirantibus

408 3506 520 3586 multis,
550 3506 589 3571 ad
615 3506 744 3571 invicem
772 3507 952 3586 deriserunt,
984 3513 1013 3573 et
1040 3508 1109 3573 illos
1139 3507 1220 3573 duos
1250 3508 1304 3590 qui
1332 3509 1417 3590 quasi
1438 3508 1464 3571 in

407 3595 557 3661 adulterio
579 3614 613 3660 se
635 3596 898 3674 commiscuerant,
930 3602 1092 3679 postquam
1121 3597 1175 3661 diu
1207 3597 1280 3661 hine
1310 3596 1382 3661 inde
1403 3614 1463 3661 cum

352 3702 396 3750 san
410 3686 515 3750 rostris
537 3685 749 3767 strepitassent,
782 3686 813 3748 in
847 3686 951 3751 medio
979 3687 1105 3768 positos,
1136 3686 1175 3750 ad
1199 3686 1342 3750 ultimum
1366 3686 1397 3749 in
1418 3703 1464 3750 eos

410 3775 565 3852 irruentes,
588 3773 844 3855 deplumaverunt
861 3781 891 3839 et
914 3775 1121 3839 laceravenmt
1135 3780 1164 3839 et
1179 3774 1365 3855 occiderunt,
1387 3775 1462 3857 quasi

411 3868 488 3930 esset
510 3863 661 3928 sentencia
684 3862 753 3926 data
775 3868 881 3928 contra
904 3882 968 3929 eos.

786 3986 836 4043 18.
885 3979 938 4059 [ε
962 3978 993 4043 s.
1020 3980 1103 4060 mr}

502 4096 614 4162 Audivi
637 4095 721 4178 quod
745 4094 844 4160 vetula
875 4093 1006 4157 babebat
1028 4095 1144 4173 gallum
1167 4096 1221 4176 qui
1246 4096 1361 4177 optime
1384 4096 1461 4161 horas

417 4188 515 4254 noctis
536 4186 744 4268 distinguebat,
766 4187 794 4247 et
815 4182 893 4245 circa
915 4180 1051 4258 primum
1067 4199 1236 4262 sompnum
1256 4183 1315 4247 alte
1329 4186 1458 4263 cantabat

262 4374 1150 4681 -A
