3525 5025
706 549 951 610 -165-

294 743 385 788 uxor:
421 725 513 790 „Non
537 729 583 787 est
605 742 721 802 verum,
752 725 805 788 sed
835 725 953 805 forcipe
976 729 1099 788 tonsum
1105 740 1133 802 ;‘⁴
1166 730 1194 787 el
1218 729 1363 804 ceperunt

293 815 347 877 diu
373 814 501 893 litigare.
534 813 671 875 Tandem
696 813 822 877 maritus
844 813 933 876 valde
957 814 1050 877 iratus
1072 813 1202 877 abscidit
1225 814 1362 892 linguam

292 903 409 971 uxoris.
457 902 510 964 llla
538 902 758 966 nichilominus
788 921 858 965 cum
890 903 993 982 digitis
1023 903 1158 983 forcipes
1187 903 1364 983 exprimens

292 993 386 1071 signo
417 991 566 1054 innuebat
595 990 682 1070 quod
713 995 832 1072 pratum
863 986 993 1054 tonsum
1020 992 1117 1055 iuerat
1147 996 1177 1055 et
1199 1011 1269 1055 cum
1298 1010 1362 1056 non

244 1098 280 1144 uu
295 1085 400 1161 posset
422 1099 476 1144 ore
499 1081 579 1161 cepit
598 1079 701 1160 digitis
723 1080 847 1160 litigare.
882 1080 933 1145 Sic
949 1081 1062 1144 iaciunt
1077 1081 1202 1160 quidam
1220 1081 1363 1144 monachi

293 1170 423 1250 quando
446 1169 492 1232 eis
514 1169 669 1232 silentium
694 1169 869 1249 imperatur.

656 1318 708 1374 23.
749 1311 803 1391 [=
827 1311 889 1374 Νο.
915 1310 999 1391 230.]

383 1434 498 1497 Audivi
533 1436 573 1497 de
607 1434 740 1514 quadam
776 1453 869 1515 quam
905 1435 1030 1498 maritus
1064 1435 1130 1515 ejus
1161 1436 1362 1514 custodiebat,

294 1526 333 1588 ita
361 1523 449 1604 quod
479 1541 650 1603 numquam
680 1524 747 1587 sine
778 1523 847 1604 ipso
878 1524 960 1586 illam
989 1522 1094 1603 egredi
1122 1524 1249 1587 sinebat
1296 1526 1364 1605 lpsa

294 1632 369 1677 vero
401 1613 480 1693 cepit
517 1612 676 1693 multiplex
707 1613 839 1692 cogitare
877 1613 1040 1692 quomodo
1075 1612 1233 1676 custodem
1270 1632 1361 1677 suum

247 1706 402 1783 mposset
433 1701 582 1782 decipere,
615 1706 644 1764 et
675 1700 796 1764 landem
828 1701 1012 1781 significavit
1041 1702 1157 1765 amasio
1187 1720 1242 1765 seu
1277 1702 1362 1765 adul-

294 1796 360 1855 tero
383 1790 470 1870 quod
495 1794 663 1870 expectaret
685 1809 752 1852 earn
777 1790 807 1852 in
831 1789 964 1870 quadam
989 1790 1094 1853 domo.
1148 1790 1229 1854 Cum
1261 1796 1361 1855 autem

296 1880 409 1943 mulier
438 1883 508 1941 ante
535 1879 665 1942 domum
696 1879 778 1942 illam
807 1880 948 1957 venisset,
978 1880 1115 1960 permisit
1144 1898 1177 1943 se
1200 1879 1307 1944 cadere
1331 1881 1362 1944 in

296 1969 359 2032 luto
383 1985 499 2048 magno
514 1968 664 2031 simulans
679 1968 766 2049 quod
782 1968 982 2031 lubricassent
1004 1969 1099 2049 pedes
1114 1969 1190 2048 ejus.
1214 1970 1359 2050 Cumque

297 2064 356 2121 tota
373 2058 465 2120 vestis
480 2057 547 2136 eius
562 2057 720 2137 inquinata
734 2057 849 2136 luisset,
873 2057 950 2120 dixit
965 2058 1072 2120 marito
1088 2075 1160 2120 suo:
1185 2059 1363 2140 “Expectate

248 2165 284 2210 rau
298 2147 346 2211 hic
368 2146 409 2209 ad
433 2146 568 2209 hostium
592 2146 665 2226 quia
688 2150 810 2227 oportet
830 2165 880 2208 me
908 2165 1019 2210 exuere
1041 2150 1071 2208 et
1093 2147 1243 2210 mundare
1266 2152 1363 2211 vestes

296 2224 403 2299 meas¹¹
435 2236 469 2297 ln
501 2235 599 2298 domo
629 2235 685 2298 hac
714 2253 807 2316 quam
843 2235 981 2315 ingressa
1011 2240 1174 2316 postquam
1207 2235 1262 2298 diu
1292 2255 1362 2300 cum

296 2324 447 2388 adulterio
470 2325 535 2402 tuit,
566 2324 636 2388 lotis
659 2324 793 2388 vestibus
823 2325 916 2387 exivit
938 2329 967 2388 el
989 2325 1029 2386 ita
1061 2325 1202 2388 maritum
1236 2325 1363 2405 decepit.

656 2474 707 2531 24.
749 2466 803 2547 [=
828 2465 889 2530 No.
914 2466 999 2548 2er

386 2594 437 2657 De
460 2593 510 2655 illa
531 2592 635 2655 audivi
659 2592 746 2673 quod
778 2593 895 2656 habens
925 2593 1066 2655 maritum
1099 2592 1174 2656 odio
1204 2592 1364 2655 inebriavit

296 2682 408 2762 ipsum,
440 2681 518 2745 sicut
547 2681 587 2745 de
618 2681 742 2745 filiabus
767 2682 843 2745 Loth
872 2681 983 2745 dicitur
1008 2681 1098 2763 quod
1137 2681 1365 2745 inebriaverunt

248 2790 284 2834 rto
297 2776 414 2851 patrem
436 2788 539 2848 suurn,
562 2774 593 2833 et
614 2770 736 2834 mittens
760 2789 817 2851 pro
840 2770 1001 2833 monachis
1016 2770 1096 2851 cepit
1115 2770 1189 2833 llere
1204 2775 1234 2833 et
1248 2770 1362 2834 dicere:

300 2862 397 2925 »Ecce
420 2860 546 2921 maritus
570 2878 658 2923 meus
685 2860 802 2923 laborat
831 2860 918 2939 quasi
948 2861 979 2921 in
1008 2859 1157 2936 extremis,
1187 2863 1217 2921 et
1246 2859 1365 2940 rogavit

296 2968 345 3013 me
367 2953 404 3012 ut
425 2948 530 3011 darem
559 2948 586 3010 ei
615 2948 765 3011 licentiam
798 2948 935 3011 habitum
963 2948 1168 3011 assumendi.u
1217 2948 1362 3011 Monadri

296 3056 370 3102 vero
393 3037 491 3117 gavisi
515 3042 587 3099 sunt
608 3055 647 3101 eo
675 3037 761 3118 quod
789 3042 868 3101 esset
891 3037 977 3101 dives
999 3042 1029 3099 el
1052 3037 1162 3100 mulier
1185 3038 1281 3099 multa
1303 3037 1363 3100 illis

297 3128 383 3207 quasi
408 3144 446 3189 ex
470 3130 553 3207 parte
576 3127 632 3188 viri
663 3128 866 3207 promittebat.
913 3126 995 3190 Cum
1026 3130 1127 3189 autem
1159 3125 1364 3189 totondissent

249 3234 367 3279 aueum
404 3220 434 3279 et
464 3216 492 3277 ei
528 3215 666 3278 habitum
697 3216 908 3279 monachalem
942 3215 1168 3296 imposuissent,
1204 3215 1254 3278 illa
1284 3215 1364 3297 cepit

297 3305 417 3385 plorare
446 3309 477 3367 et
505 3304 565 3366 alta
587 3322 663 3367 voce
684 3305 823 3383 clamare,
854 3305 895 3367 ila
918 3304 1004 3384 quod
1034 3304 1126 3366 vicini
1157 3322 1268 3368 omnes
1289 3322 1363 3367 con-

297 3398 464 3457 currerunt.
511 3393 656 3456 Monachi
680 3411 754 3456 vero
785 3398 935 3475 ponentes
967 3392 1126 3456 hominem
1155 3394 1242 3456 illum
1271 3412 1364 3474 supra

297 3482 479 3563 quadrigam
503 3482 658 3545 duxerunt
679 3482 718 3544 ad
747 3483 966 3546 monasterium
991 3500 1092 3546 suum.
1138 3483 1231 3545 lllane
1253 3487 1363 3561 autem,

298 3571 417 3652 digesto
432 3571 515 3648 vino,
540 3572 636 3634 homo
653 3571 702 3635 ille
718 3572 862 3634 excitatus
881 3577 1043 3652 postquam
1062 3572 1093 3633 in
1110 3571 1215 3634 habitu
1233 3571 1362 3651 regulari

250 3679 331 3724 unse
363 3661 499 3742 repperit
529 3665 559 3723 et
590 3660 670 3723 circa
698 3679 731 3723 se
766 3662 937 3723 monachos
971 3661 1003 3722 in
1038 3660 1135 3724 domo
1167 3660 1362 3723 intirmorum

298 3751 420 3830 aspexit,
444 3749 524 3830 cepit
546 3749 715 3812 contristari
738 3754 768 3812 et
791 3754 905 3812 mestus
929 3767 1003 3827 esse,
1027 3754 1178 3811 ettamen
1203 3768 1257 3830 pre
1280 3767 1363 3811 vere·

299 3839 408 3902 condia
442 3843 472 3902 et
501 3837 685 3901 contusione
720 3839 820 3901 noluit
846 3838 887 3901 ad
916 3838 1046 3902 domum
1079 3838 1187 3915 redire,
1218 3838 1291 3918 quia
1323 3836 1362 3899 ab

299 3928 445 3991 omnibus
467 3931 603 4007 apostata
625 3926 783 3991 diceretur.

660 4072 711 4133 as.
752 4070 805 4149 [ι-
830 4071 890 4133 Νο.
915 4070 999 4151 asa]

387 4195 436 4258 De
468 4194 601 4275 quadarn
631 4199 732 4257 autem
763 4194 846 4258 bona
877 4195 1005 4257 muliere
1031 4194 1135 4257 audivi
1166 4193 1260 4273 quod,
1292 4210 1362 4255 cum

169 4293 170 4370 j
251 4300 287 4345 ru
299 4284 425 4347 maritus
448 4284 515 4364 ejus
538 4287 616 4347 esset
632 4284 662 4345 in
679 4301 797 4347 carcere
821 4289 850 4347 et
872 4284 1056 4364 precepisset
1071 4284 1098 4346 ei
1114 4283 1261 4347 dominus
1276 4281 1362 4361 quod
