3525 5025
662 523 883 579 ...53-

246 695 388 759 foramine
420 700 584 759 exeuntem
619 699 648 757 et
681 694 719 757 ad
750 712 880 775 puerum
916 693 1109 757 accedentem
1140 698 1174 755 ut
1202 693 1305 774 ipsum

247 784 414 864 offenderet,
447 785 548 865 rapuit
577 784 678 865 ipsum
702 787 732 846 et
758 802 828 846 eum
861 784 892 845 in
925 783 1021 845 frusta
1050 782 1246 860 detruncavit,
1277 786 1307 845 et

247 874 381 937 remansit
404 892 440 937 os
468 873 553 937 canis
582 874 733 953 sauguine
763 872 925 953 pollutum,
973 872 1009 934 Et
1030 872 1142 935 factum
1167 876 1212 935 est
1234 889 1305 935 cum

247 962 349 1025 rediret
371 964 518 1026 heremita
541 962 580 1024 de
601 963 697 1025 domo
714 962 802 1041 regis,
825 965 931 1041 aperto
946 961 1035 1038 ostio,
1059 961 1150 1023 exivit
1171 960 1209 1023 ad
1233 978 1305 1024 eum

203 1068 235 1114 m
248 1051 331 1129 canis,
362 1057 392 1114 et
413 1053 523 1115 videns
547 1052 693 1114 heremita
716 1069 752 1114 os
775 1051 857 1113 canis
880 1068 947 1113 esse
969 1050 1121 1129 sanguine
1144 1050 1305 1130 pollutum,

246 1142 388 1205 estimavit
417 1160 549 1222 puerum
584 1140 753 1203 offendisse
784 1144 813 1201 et
844 1140 1017 1219 percutiens
1048 1140 1150 1220 ipsum
1180 1139 1305 1218 fortiter,

247 1229 386 1293 interiecit
415 1231 516 1307 illum,
556 1248 613 1292 nec
642 1229 804 1292 meditatus
834 1233 878 1291 est
908 1229 940 1290 in
971 1246 1031 1291 suo
1061 1228 1150 1292 facto.
1198 1228 1307 1291 Postea

247 1336 313 1382 vero
336 1320 456 1382 intravit
483 1319 615 1381 domum
646 1322 687 1394 et,
723 1317 848 1381 invento
879 1336 977 1398 puero
1007 1318 1078 1381 vivo
1108 1322 1137 1380 et
1153 1322 1307 1398 serpente

248 1412 362 1472 mortuo
385 1412 454 1471 ante
477 1408 588 1487 ipsum,
619 1407 706 1470 scivit
733 1408 880 1486 quoniam
909 1406 993 1469 canis
1019 1410 1192 1486 serpentem
1216 1406 1307 1469 inter·

205 1495 356 1561 obiecerat.
406 1499 441 1560 Et
463 1496 593 1577 penituit
623 1514 694 1559 eum
724 1495 811 1558 valde
841 1500 869 1557 et
897 1494 997 1558 doluit
1026 1496 1156 1558 muttum
1188 1495 1307 1559 dicens:

251 1585 366 1648 Utinam
402 1604 465 1650 non
502 1591 591 1648 natus
622 1590 700 1648 esset
734 1603 810 1665 puer
844 1584 900 1647 iste
930 1588 960 1647 et
990 1601 1053 1647 non
1089 1584 1305 1647 interfecissem

250 1690 346 1737 canem
382 1693 499 1753 meum,
539 1693 596 1737 nec
628 1692 685 1754 pro
720 1678 803 1737 tanto
834 1674 920 1736 bono
952 1677 1067 1735 tantum
1098 1672 1306 1737 retribuissem

251 1763 356 1826 malurn
381 1765 421 1827 ei!
457 1764 542 1826 Talia
564 1763 646 1827 enim
663 1767 736 1827 sunt
750 1781 845 1843 opera
868 1762 950 1825 iltius
973 1763 1025 1842 qui
1048 1762 1185 1841 ingratus
1208 1766 1253 1826 est
1267 1762 1308 1825 de

251 1854 369 1933 receptis
398 1853 565 1917 beneficiis.
621 1854 656 1915 Et
686 1851 808 1915 rediens
838 1852 949 1913 mulier
978 1852 1017 1914 ad
1049 1850 1179 1915 domum
1210 1869 1306 1930 suam,

208 1956 240 2001 m
252 1940 320 2003 vidit
334 1960 437 2005 canem
454 1947 484 2005 et
498 1946 670 2024 serpentem
688 1941 869 2004 interfectos.
902 1941 938 2003 Et
953 1940 1150 2020 interrogavit
1165 1941 1306 2003 maritum

251 2045 337 2109 super
358 2032 425 2095 hoc.
462 2031 523 2095 Cui
540 2030 682 2112 exposuit
697 2030 870 2110 negocium.
905 2030 941 2091 Et
963 2030 1004 2092 ait
1025 2030 1064 2092 ad
1088 2048 1159 2091 eum
1184 2030 1307 2093 mulier:

252 2118 325 2182 Talis
346 2125 391 2184 est
411 2121 529 2184 fructus
552 2120 714 2183 cuiuslibet
728 2118 846 2199 agentis
862 2136 956 2199 opera
979 2135 1034 2181 sua
1050 2136 1120 2182 cum
1137 2118 1308 2183 festinantia

253 2224 302 2269 nec
315 2210 502 2289 providentis
518 2228 566 2272 res
581 2214 744 2289 antequam
761 2211 919 2288 pertractet
933 2226 996 2286 eas;
1020 2207 1210 2288 quicumque
1224 2208 1307 2271 enim

253 2294 335 2359 simili
358 2298 452 2363 modo
476 2298 547 2361 facit
568 2296 715 2379 penitebit
738 2301 768 2359 et
782 2296 1008 2360 contristabitur
1030 2301 1060 2359 et
1082 2314 1145 2360 non
1170 2296 1310 2378 proficiet

212 2385 278 2445 mei
299 2388 458 2468 quicquam
484 2406 585 2467 neque
609 2386 695 2449 cedet
717 2386 756 2449 de
779 2404 837 2449 suo
861 2384 954 2449 corde
977 2385 1108 2449 tristicia.

624 2537 672 2594 rs.
710 2530 764 2610 [ε
788 2529 819 2593 S.
846 2530 930 2609 aaa]

335 2657 436 2718 Fertur
471 2654 571 2736 quod,
611 2673 682 2718 cum
713 2653 885 2717 ambularet
914 2653 1041 2734 quidam
1078 2653 1225 2716 heremita
1255 2672 1310 2735 per

256 2741 335 2820 viam,
362 2745 438 2807 vidit
460 2745 581 2807 foveam
598 2762 691 2824 quam
715 2743 857 2806 foderant
879 2747 1040 2806 venatores
1062 2743 1101 2805 ad
1125 2742 1307 2823 capiendum

256 2831 383 2896 animatia
406 2837 439 2896 ut
461 2851 520 2896 sua
542 2834 624 2897 coria
640 2832 837 2896 decoriarent.
872 2833 915 2908 Et,
940 2831 1106 2913 inspiciens
1120 2832 1159 2894 ad
1175 2832 1308 2895 fundum

258 2917 342 2998 fovee,
363 2923 438 2985 vidit
461 2923 505 2985 ibi
530 2922 687 2985 hominem
704 2921 758 3002 qui
775 2925 838 2984 erat
851 2921 1012 3000 aurifaber,
1036 2926 1151 2984 etcum
1171 2939 1210 2984 eo
1225 2927 1311 2984 erant

216 3019 374 3096 tusymeus,
398 3029 527 3092 serpens
550 3015 580 3074 et
601 3011 713 3091 vipera,
738 3029 794 3073 nec
817 3010 903 3073 illum
926 3009 1083 3073 hominem
1108 3010 1309 3074 offenderant.

259 3096 303 3158 Et*
318 3101 420 3164 videns
456 3101 513 3163 hec
547 3101 693 3162 heremita
726 3099 869 3179 cogitavit
904 3099 1022 3163 dicens:
1060 3099 1193 3162 Advenit
1227 3117 1311 3164 nunc

257 3187 363 3268 tempus
385 3208 450 3270 quo
475 3207 618 3268 magnam
643 3188 883 3252 misericordiam
908 3189 1061 3268 exhibeas,
1092 3206 1205 3251 eruens
1228 3189 1311 3252 hunc

259 3272 401 3341 hominem
426 3279 466 3340 de
488 3277 633 3341 dentibus
655 3279 902 3340 adversariorum
926 3296 1064 3341 suorum.
1102 3279 1137 3340 Et
1159 3279 1311 3358 accipiens

259 3361 350 3428 funem
373 3368 476 3430 iniecit
499 3386 565 3430 eam
590 3367 621 3429 in
646 3367 775 3445 foveam,
806 3385 900 3447 quam
924 3385 1048 3447 symeus
1075 3367 1311 3448 apprehendens

219 3461 249 3508 uo
260 3468 307 3515 sua
326 3457 438 3520 levitate
461 3456 598 3520 ascendit
614 3475 667 3536 per
682 3475 758 3519 eam.
793 3457 828 3518 Et
851 3456 991 3519 iniiciens
1006 3456 1112 3519 funem
1129 3458 1311 3521 secundario

259 3545 377 3608 ascendit
410 3547 523 3626 vipera,
559 3550 588 3608 et
621 3544 761 3608 iniiciens
790 3545 884 3608 tercio
921 3546 1057 3608 ascendit
1086 3563 1221 3626 serpens,
1257 3547 1310 3626 qui

260 3645 360 3714 omnes,
384 3638 639 3714 recognoscentes
661 3635 788 3714 gratiam
812 3634 886 3712 eiuS,
911 3636 1066 3714 regraciati
1090 3640 1162 3698 sunt
1185 3636 1237 3699 itti.
1276 3636 1311 3698 Et

260 3717 350 3786 dicunt
371 3725 411 3787 ei:
444 3725 649 3803 Nequaquam
678 3724 754 3786 velis
777 3723 907 3786 educere
936 3725 1019 3786 hunc
1047 3725 1205 3786 hominem
1229 3725 1310 3803 inde,

260 3811 321 3884 quia
341 3831 402 3877 non
419 3817 465 3876 est
479 3814 510 3874 in
528 3816 606 3875 terra
621 3812 738 3893 aliquid
755 3831 872 3892 negans
889 3813 1074 3876 beneficium
1090 3813 1149 3876 sibi
1166 3813 1309 3876 collatum

222 3905 251 3952 nr
263 3896 326 3962 sicut
346 3903 441 3966 homo
465 3906 494 3964 et
516 3903 661 3982 precipue
684 3901 762 3965 sicut
785 3902 834 3964 hic
850 3902 955 3965 homo.
990 3903 1025 3964 Et
1039 3901 1115 3964 dixit
1130 3903 1157 3965 ei
1173 3921 1311 3983 symeus:

262 3983 331 4052 Scias
352 4010 453 4054 meum
479 3991 686 4054 habitaculum
703 4009 769 4054 esse
786 3991 817 4053 in
833 3991 883 4054 tali
902 3993 984 4069 loc0;
1008 3996 1037 4055 et
1059 3991 1135 4053 dixit
1150 3992 1177 4054 ei
1194 3990 1311 4071 vipera:

263 4072 291 4135 Et
310 4097 364 4158 ego
386 4081 417 4142 in
447 4080 513 4143 lacu
542 4081 596 4159 qui
625 4098 722 4161 prope
745 4084 790 4143 est
819 4080 881 4142 illic
904 4098 1025 4158 moror;
1055 4085 1084 4142 at
1106 4097 1244 4160 serpens:
1278 4081 1313 4144 Et

263 4177 311 4242 ego
337 4169 366 4230 in
396 4169 527 4232 flumine
558 4168 601 4231 ibi
634 4187 731 4251 prope
762 4187 869 4232 moror
903 4170 976 4248 quia
1007 4170 1032 4232 si
1064 4169 1208 4232 habueris
1240 4168 1312 4231 inde

264 4255 411 4336 transitum,
435 4258 702 4321 remunerabimur
717 4258 771 4320 tibi
795 4275 890 4337 super
912 4258 998 4320 bono
1020 4256 1107 4336 quod
1132 4255 1224 4318 nobis
1239 4274 1312 4319 con-
