3525 5025
852 498 896 509 ..-
944 466 1074 527 56-

432 640 492 705 boc
515 640 653 717 verbum,
678 642 810 721 percepit
833 642 996 721 quomodo
1011 642 1089 704 alius
1110 642 1208 705 homo
1223 643 1347 705 accessit
1368 642 1405 704 ad
1430 660 1496 707 eam

433 734 521 793 noete
545 728 603 807 illa,
635 734 664 793 et
691 729 812 793 rediens
839 730 878 792 ad
907 730 1037 794 domum
1065 748 1152 793 suam
1181 732 1263 810 cepit
1292 732 1449 812 increpare
1471 735 1499 793 et

434 822 590 900 percutere
618 836 745 882 uxorem
774 836 862 882 suam
890 819 1015 897 fortiter,
1045 820 1146 883 donec
1171 820 1261 883 scivit
1283 821 1436 883 veritatem
1460 820 1498 881 de

378 924 420 973 tto
435 926 467 971 re
489 925 693 988 quacumque.
740 908 776 971 Et
797 908 912 989 accepit
934 910 1147 971 vestimentum
1168 912 1199 971 el
1221 909 1390 972 combussit
1412 907 1497 971 illud.

817 1057 845 1113 9.
882 1050 938 1129 1=
961 1049 993 1115 s.
1023 1050 1107 1130 inq

523 1174 643 1237 Dicitur
665 1173 760 1237 fuisse
784 1174 814 1236 in
839 1174 972 1255 quadam
994 1178 1073 1237 terra
1095 1174 1253 1254 provincie
1277 1174 1362 1237 Indie
1385 1174 1499 1255 peritus

434 1262 572 1325 medicus
595 1267 624 1325 et
646 1262 735 1325 valde
759 1261 887 1327 dilectus
909 1262 993 1343 apud
1016 1281 1127 1326 omnes
1149 1264 1301 1329 homines.
1340 1262 1501 1327 Concessit

434 1351 516 1415 enim
540 1351 599 1415 sibi
623 1351 701 1414 deus
723 1351 859 1431 gratiam,
891 1356 925 1414 ut
947 1352 1082 1415 universi
1110 1352 1224 1415 infirmi
1253 1353 1414 1416 existentes
1440 1370 1499 1415 suo

434 1441 564 1505 consilio
587 1440 627 1503 ab
650 1458 759 1503 eorum
783 1441 986 1521 languoribus
1009 1447 1196 1504 sanarentur.
1242 1441 1324 1505 Cum
1349 1447 1450 1505 autem
1474 1441 1498 1502 is

379 1548 420 1594 uo
435 1533 574 1593 mortuus
598 1532 683 1607 esset,
712 1530 913 1610 respiciebant
935 1546 1127 1594 successores
1149 1530 1196 1593 sui
1220 1530 1251 1592 in
1276 1531 1341 1593 suis
1364 1530 1450 1595 libris
1472 1532 1501 1592 et

433 1618 596 1683 studebant
618 1618 650 1681 in
675 1618 742 1696 illis,
774 1623 806 1680 ut
829 1638 866 1681 ex
889 1619 934 1681 eis
961 1623 1104 1699 caperent
1134 1619 1252 1682 bonum
1278 1619 1498 1683 medicinarum

433 1708 652 1772 documentum
689 1707 914 1788 perfectamque
944 1708 1109 1770 scientiam.
1162 1707 1306 1782 Quadam
1342 1727 1417 1772 vero
1449 1707 1497 1771 die

434 1796 518 1860 venit
538 1796 577 1859 ad
600 1800 710 1859 terram
736 1796 817 1859 illam
841 1796 967 1876 quidam
985 1797 1038 1876 qui
1058 1796 1177 1860 dicebat
1199 1814 1232 1859 se
1255 1815 1322 1860 esse
1346 1798 1497 1861 medicum

434 1902 580 1965 magnum
597 1889 627 1947 et
641 1890 808 1965 expertum,
833 1891 933 1948 tamen
950 1886 981 1947 in
1003 1885 1194 1965 paucissimis
1209 1890 1273 1948 erat
1287 1891 1497 1966 perscrutatus

380 1993 421 2039 rao
437 1974 578 2037 Habebat
599 1978 700 2037 autem
726 1993 777 2037 rex
802 1974 883 2037 illius
907 1974 993 2054 regni
1010 1975 1166 2053 quandam
1190 1974 1285 2037 filiam
1310 1993 1403 2056 quam
1425 1974 1498 2038 deli·
1584 1993 1586 2024 ι

433 2063 524 2143 gebat
546 2062 642 2140 valde,
666 2067 695 2126 et
718 2064 788 2144 plus
810 2082 903 2142 quarn
920 2082 1030 2127 omnes
1053 2063 1092 2127 de
1115 2082 1171 2127 sua
1194 2064 1299 2127 domo.
1335 2064 1408 2138 Que
1429 2081 1496 2127 cum

434 2157 513 2215 esset
534 2152 660 2232 gravida
683 2156 712 2215 et
734 2156 855 2232 tempus
878 2152 926 2215 sui
951 2157 1053 2232 partus
1076 2152 1240 2229 adveniret,
1271 2154 1373 2233 gravis
1396 2170 1497 2234 super-

433 2242 515 2304 venit
538 2241 565 2304 ei
590 2241 751 2305 infirmitas
773 2241 933 2321 sanguinis
948 2241 1059 2304 fluxus.
1096 2243 1217 2305 Etcum
1235 2260 1286 2304 rex
1303 2242 1363 2305 hoc
1377 2241 1497 2317 videret,

435 2331 589 2393 mandavit
611 2330 786 2393 festinanter
809 2348 866 2410 pro
890 2330 1026 2411 quodam
1050 2348 1108 2394 suo
1133 2335 1208 2394 noto
1223 2330 1345 2394 medico
1368 2331 1421 2411 qui
1441 2333 1500 2393 erat

381 2438 421 2485 eoo
437 2420 468 2481 in
492 2420 550 2482 alia
572 2419 696 2497 civitate,
721 2423 754 2481 ut
776 2419 894 2482 veniret
915 2419 947 2482 in
971 2438 1150 2483 succursum
1174 2438 1230 2483 sue
1253 2420 1326 2483 filie.
1357 2420 1498 2499 Cumque

435 2507 473 2572 ad
499 2508 599 2590 ipsum
624 2508 740 2572 veniret
770 2509 903 2573 nuncius
932 2509 1048 2572 invenit
1077 2528 1148 2572 eum
1177 2528 1293 2573 cecum.
1338 2508 1403 2584 Qui
1430 2526 1498 2573 cum

435 2597 473 2660 ad
499 2617 601 2678 regem
626 2597 669 2660 ire
700 2616 764 2662 non
789 2603 900 2678 posset,
930 2598 1051 2679 scripsit
1077 2599 1104 2660 ei
1132 2598 1219 2678 quod
1250 2599 1336 2662 daret
1366 2599 1398 2661 in
1426 2606 1497 2679 potu

437 2686 501 2750 filie
524 2688 604 2767 regis
631 2688 721 2750 talem
746 2688 939 2751 medicinam.
987 2689 1023 2750 Εἰ
1044 2687 1174 2750 audiens
1201 2687 1258 2750 bec
1281 2706 1342 2766 rex,
1373 2686 1500 2767 quesivit

437 2776 549 2839 babere
581 2776 733 2839 medicum
762 2777 817 2856 qui
840 2777 929 2839 sciret
952 2777 1103 2839 conficere
1133 2781 1163 2839 et
1189 2777 1402 2840 administrare
1424 2777 1500 2839 banc

382 2883 423 2930 uo
438 2864 621 2928 medicinam
650 2883 704 2928 sue
732 2865 795 2928 filie
823 2865 939 2929 dilecte.
991 2866 1027 2928 Et
1054 2865 1137 2928 misit
1169 2883 1226 2946 pro
1257 2866 1499 2947 quampluribus,

438 2956 491 3018 sed
516 2954 671 3018 neminem
696 2954 771 3017 illud
796 2958 971 3034 attemptare
986 2955 1140 3018 volentem
1165 2955 1289 3018 invenit
1323 2956 1357 3017 Et
1378 2955 1499 3018 tandem

437 3061 506 3107 cum
538 3043 620 3106 fama
650 3042 870 3123 divulgaretur,
906 3044 1044 3124 pervenit
1072 3044 1111 3106 ad
1142 3062 1213 3106 eum
1248 3043 1303 3107 iste
1335 3044 1500 3106 antedictus

437 3132 574 3196 medicus
598 3133 651 3213 qui
675 3132 794 3196 dicebat
817 3150 850 3196 se
873 3150 939 3196 esse
970 3133 1101 3213 peritum
1126 3136 1155 3195 et
1181 3132 1307 3197 doctum
1340 3132 1500 3196 medicum.

439 3223 473 3284 Et
496 3222 637 3302 promisit
659 3221 723 3302 regi
739 3223 887 3302 quoniam
903 3214 993 3285 'sciret
1009 3220 1188 3284 huiusmodi
1205 3220 1372 3284 medicinas
1386 3222 1501 3301 absque

383 3329 424 3374 rso
439 3311 525 3374 istius
553 3311 687 3391 magistri
711 3310 775 3375 sive
799 3311 909 3374 medici
938 3311 1095 3391 prescripti
1124 3310 1262 3388 consilio,
1293 3328 1407 3391 easque
1431 3329 1501 3374 con-

438 3399 529 3462 ficere
558 3400 636 3463 bene
664 3404 693 3463 et
720 3418 891 3481 preparare.
931 3400 967 3461 Et
993 3398 1070 3462 dixit
1096 3399 1160 3479 regi
1192 3416 1231 3462 ne
1260 3399 1386 3462 haberet
1413 3399 1501 3462 dubi·

437 3507 490 3551 um
524 3488 562 3552 de
592 3506 647 3552 sua
674 3489 738 3552 filia
770 3488 834 3552 sive
861 3488 900 3552 de
919 3489 994 3551 eius
1021 3488 1207 3565 infirmitate,
1239 3506 1308 3551 cum
1340 3489 1406 3569 ipse
1436 3506 1500 3552 eam

437 3577 516 3640 bene
546 3578 586 3641 ab
621 3577 727 3640 eadem
762 3582 882 3641 sanaret
914 3577 1097 3641 infirmitate.
1155 3578 1191 3640 Et
1219 3577 1317 3640 statim
1350 3577 1502 3640 mandavit

436 3666 553 3730 famulo
576 3685 635 3730 suo
658 3671 691 3729 ut
713 3670 886 3748 apportaret
901 3667 959 3730 sibi
976 3685 1047 3730 vasa
1063 3667 1094 3730 in
1110 3666 1225 3746 quibus
1248 3670 1332 3729 erant
1352 3667 1502 3730 medicine

383 3771 424 3818 tos
438 3754 520 3818 illius
543 3755 630 3836 periti
655 3756 764 3819 medici
788 3760 818 3818 et
847 3756 951 3836 magni
975 3756 1110 3819 doctoris
1133 3755 1187 3835 qui
1211 3755 1341 3819 breviter
1364 3760 1502 3819 mortuus

437 3848 506 3921 erat,
523 3849 558 3923 et,
576 3845 691 3924 quibus
706 3845 853 3926 appositis
868 3850 937 3908 ante
953 3846 1064 3926 ipsum,
1087 3844 1202 3925 accepit
1220 3844 1330 3907 exinde
1345 3845 1500 3908 vasculum

438 3933 468 3995 in
493 3951 557 4013 quo
581 3939 643 3997 erat
665 3934 809 4011 toxicum,
833 3938 862 3996 et
885 3935 1032 4014 ignorans
1055 3933 1131 4014 quid
1155 3938 1234 3996 esset
1256 3933 1307 4011 ibi,
1330 3935 1447 4015 accepit
1465 3934 1503 3996 de

438 4039 475 4084 eo
499 4026 528 4084 et
551 4022 672 4085 miscuit
694 4041 764 4085 cum
788 4022 855 4085 aliis
886 4022 1047 4086 medicinis
1074 4027 1103 4085 et
1132 4021 1256 4084 tradidit
1286 4021 1350 4101 regi
1382 4022 1500 4086 dicens:

440 4111 514 4174 Ecce
537 4110 690 4174 medicina
714 4111 776 4175 filie
798 4117 857 4174 tue.
888 4111 1005 4175 Videns
1027 4115 1128 4173 autem
1152 4129 1205 4174 rex
1229 4110 1500 4191 promptitudinem

383 4216 424 4262 tro
439 4199 505 4262 eius
529 4201 559 4262 in
584 4201 795 4278 preparatione
818 4199 977 4274 medicine,
1001 4199 1150 4260 estimavit
1172 4198 1258 4260 illum
1283 4216 1349 4262 esse
1372 4202 1500 4279 peritum

1584 2956 1585 2963 t

1584 2986 1585 2993 t

1584 3010 1586 3027 Ι

1584 3034 1586 3045 t

1584 3135 1586 3145 v

1584 3470 1586 3619 l

1584 3636 1586 3761 l
