3525 5025
706 516 927 574 „37-

277 688 386 751 venire
408 688 447 751 ad
471 689 631 751 civitatem.
654 723 696 734 —
718 690 754 752 Et
776 688 903 769 quidam
927 708 965 751 ex
987 688 1101 753 nostris
1123 688 1209 751 illum
1233 706 1348 766 senem,

277 778 359 841 sicut
373 795 430 841 vos
442 782 576 841 vestrum
592 782 688 856 antea,
704 777 884 857 deriserunt,
901 783 930 841 et
946 795 1001 858 per
1011 777 1126 841 vadum
1142 778 1198 841 iter
1211 778 1348 858 aggressi

277 872 361 930 sunt
407 866 468 931 Sed
484 884 593 930 eorum
609 867 659 929 alii
676 866 778 930 socios
793 884 868 931 suos
883 866 1275 944 submersos'dimiserunt3
1296 866 1348 930 alii

222 974 263 1019 sao
278 974 382 1035 equos
394 960 424 1019 et
433 956 567 1019 sarcinas
579 954 791 1036 perdiderunt;
803 955 930 1035 quidam
939 973 1143 1037 veropannos
1154 954 1348 1033 madefactos,

275 1045 330 1107 alii
348 1045 479 1108 omnino
499 1044 630 1109 amissos
645 1043 844 1107 defleverunt.
890 1042 921 1108 6.
937 1044 998 1109 Sed
1014 1061 1073 1108 nos
1088 1048 1117 1107 et
1136 1062 1230 1108 senex
1245 1048 1349 1108 noster

275 1134 334 1214 qui
349 1152 404 1214 per
416 1137 542 1215 pontem
553 1132 751 1197 transivimus
766 1133 832 1197 sine
848 1133 1072 1214 impedimento
1087 1137 1116 1197 et
1131 1133 1249 1213 absque
1260 1132 1347 1197 omni

276 1222 484 1287 incommodo
500 1222 715 1303 processimus,
738 1227 768 1285 et
782 1240 836 1286 eos
856 1240 950 1303 super
970 1222 1068 1304 ripam
1088 1222 1228 1286 fluminis
1246 1220 1349 1285 adhuc

275 1312 426 1392 iacturam
443 1311 591 1375 deflentes
607 1311 786 1392 reperimus.
824 1311 951 1386 Quibus
970 1311 1125 1388 flentibus,
1149 1315 1179 1374 ct
1197 1311 1300 1375 rastris
1319 1315 1349 1375 et

221 1417 263 1463 aas
277 1419 397 1481 sagena
416 1401 516 1464 undas
536 1400 623 1464 fluvii
640 1400 889 1481 perscmtanibus
910 1401 952 1464 ait
973 1418 1079 1464 senex:
1103 1399 1135 1464 si
1151 1417 1207 1481 per
1221 1404 1347 1481 pontem

276 1491 445 1554 nobiscum
461 1490 677 1570 perrexissetis,
694 1507 758 1553 non
774 1489 814 1553 ita
829 1489 920 1553 vobis
940 1489 1125 1569 contigisset.
1142 1522 1187 1534 -
1205 1493 1233 1551 7.
1249 1488 1289 1552 nt
1304 1488 1347 1551 illi

275 1578 436 1642 dixerunt:
459 1579 529 1643 Hoc
544 1578 731 1657 fecissemus,
748 1578 806 1643 nisi
822 1578 909 1659 quod
925 1578 1006 1641 viam
1022 1577 1141 1641 tardare
1157 1578 1347 1641 nolebamus.

284 1704 312 1712 -
335 1668 385 1730 Ad
407 1668 481 1731 haec
500 1685 606 1731 senex:
630 1668 724 1731 Nunc
743 1686 817 1731 vero
837 1668 937 1747 magis
955 1667 1061 1730 tardati
1081 1666 1161 1731 estis.
1179 1702 1211 1712 -
1230 1668 1267 1730 Et
1289 1666 1348 1730 illis

275 1757 391 1820 relictis
415 1756 481 1819 laeti
504 1756 746 1820 subintravimus
768 1761 872 1837 portas
896 1756 990 1819 urbis

708 1898 774 1962 XX.
823 1904 919 1963 1-8.

220 2050 260 2095 m
375 2032 401 2085 1.
427 2023 551 2087 Dictum
575 2028 621 2087 est
640 2023 679 2086 de
699 2023 827 2087 duobus
842 2024 1050 2104 burgensibus
1069 2028 1100 2086 et
1122 2023 1235 2086 rustico
1258 2040 1348 2087 causa

274 2112 430 2178 orationis
446 2114 581 2176 bleccam
602 2112 795 2190 adeuntibus,
819 2112 906 2193 quod
928 2116 1029 2176 essent
1043 2112 1119 2176 socii
1134 2112 1232 2175 victus
1247 2111 1348 2175 donec

273 2202 421 2265 venirent
430 2219 529 2282 prope
542 2202 687 2279 Meccam,
703 2205 733 2265 et
747 2205 821 2265 tunc
835 2201 947 2265 defecit
957 2202 1001 2265 eis
1012 2201 1109 2279 cibus,
1125 2202 1164 2264 ita
1180 2200 1266 2280 quod
1283 2219 1346 2265 non

274 2291 426 2355 remansit
436 2291 481 2353 eis
493 2290 674 2371 quidquam,
691 2290 749 2354 nisi
762 2294 879 2354 tantum
895 2290 1011 2354 tarinae
1026 2308 1087 2370 qua
1102 2290 1204 2354 solum
1217 2307 1345 2370 parvum

273 2398 392 2461 panem
408 2380 548 2443 lacerent.
589 2388 617 2442 2.
635 2380 809 2460 Burgenses
825 2396 900 2443 vero
915 2380 975 2443 hoc
989 2377 1128 2442 videntes
1143 2377 1287 2442 dixerunt
1307 2378 1346 2441 ad

217 2495 259 2542 535
274 2470 426 2534 invicem:
451 2469 564 2533 Parum
588 2468 677 2550 panis
700 2469 858 2548 habemus,
882 2473 912 2532 et
933 2472 1038 2532 noster
1060 2468 1190 2531 multum
1214 2467 1349 2532 comedit

273 2559 393 2624 socius.
431 2559 630 2640 Quapropter
650 2576 708 2622 nos
731 2563 852 2640 oportet
866 2558 980 2621 habere
995 2557 1168 2635 consilium,
1184 2557 1347 2637 quomodo

274 2653 398 2730 partem
408 2649 497 2730 panis
509 2648 535 2711 ei
547 2648 667 2711 auterre
677 2647 840 2728 possimus,
853 2650 882 2710 et
893 2646 980 2727 quod
989 2646 1151 2709 nobiscum
1163 2645 1347 2710 manducare

273 2738 381 2814 debet,
404 2737 463 2801 soli
487 2736 695 2801 comedamus.
715 2771 742 2780 -
765 2741 793 2798 3.
818 2734 941 2799 Deinde
962 2739 1144 2815 accepemnt
1167 2734 1346 2814 huiusmodi

273 2827 454 2904 consilium,
470 2827 557 2906 quod
573 2826 706 2889 lacerent
721 2842 841 2906 panem,
858 2829 888 2888 et
902 2826 1078 2904 coquerent,
1098 2827 1127 2887 et
1141 2824 1217 2887 dum
1233 2841 1347 2904 coque·

216 2939 257 2984 seo
272 2922 364 2981 retur
378 2915 557 2992 dormirent,
574 2919 603 2977 et
618 2913 760 2994 quisquis
775 2930 885 2977 eorum
902 2912 1090 2976 mirabiliora
1104 2912 1292 2976 somniando
1303 2913 1347 2975 vi·

272 3007 366 3069 deret
380 3005 466 3068 solus
482 3021 592 3085 panem
609 3002 792 3066 comederet.
832 3003 917 3066 llaec
930 3000 1094 3065 artificiose
1109 3001 1258 3080 dicebant,
1274 3001 1347 3081 quia

270 3094 451 3175 simplicem
476 3093 622 3157 rusticum
645 3091 684 3155 ad
709 3091 890 3172 huiusmodi
913 3090 1017 3154 fictitia
1037 3091 1191 3171 putabant,
1214 3095 1249 3153 ut
1268 3108 1347 3171 pane

271 3201 374 3264 quem
397 3183 530 3246 tacerent
544 3185 666 3245 careret.
713 3182 750 3244 Et
772 3180 911 3244 iecerunt
925 3197 1051 3261 panem,
1074 3180 1285 3261 miseruntque
1314 3180 1346 3242 in

272 3274 398 3354 ignem;
415 3271 528 3334 deinde
538 3271 699 3352 jacuerunt
709 3274 743 3333 ut
754 3269 934 3334 dormirent
966 3277 996 3330 4.
1012 3269 1052 3331 nt
1063 3268 1195 3332 rusticus
1206 3274 1347 3350 percepta

215 3384 257 3428 ses
273 3379 390 3426 eorum
405 3361 520 3439 astutia,
536 3359 763 3424 dormientibus
777 3359 870 3423 sociis
886 3358 926 3421 de
941 3358 1013 3438 igne
1027 3357 1115 3421 traxit
1130 3375 1240 3438 panem
1256 3358 1346 3421 semi·
1382 3369 1389 3382 '

272 3454 410 3528 coctum,
434 3449 575 3528 comedit,
599 3453 628 3512 et
643 3449 753 3512 iterum
768 3447 868 3528 jacuit.
918 3449 1011 3513 Unus
1031 3451 1132 3510 autem
1153 3446 1193 3510 de
1213 3447 1346 3526 burgen-

272 3541 375 3617 sibus,
391 3539 469 3602 sicut
483 3555 596 3602 somno
613 3537 788 3618 perterritus
803 3541 891 3615 esset,
906 3536 1068 3616 evigilavit,
1087 3536 1269 3617 sociumque
1292 3554 1346 3599 vo-

272 3628 364 3694 cavit
399 3628 487 3691 Tunc
501 3628 576 3691 alter
590 3626 630 3691 de
646 3627 854 3707 burgensibus
869 3626 922 3690 ait:
946 3625 1034 3700 Quid
1051 3625 1166 3689 babes?
1183 3659 1224 3669 -
1241 3625 1280 3687 nt
1295 3625 1347 3688 ille

272 3717 391 3798 inquit:
417 3719 444 3780 5.
469 3716 612 3780 Mirabile
639 3716 797 3780 somnium
821 3715 895 3778 vidi.
941 3715 1021 3778 Nam
1050 3714 1125 3776 mihi
1149 3714 1250 3777 visum
1281 3713 1345 3792 luit,

214 3828 258 3874 ssu
274 3807 367 3890 quod
379 3806 444 3869 duo
460 3805 561 3886 angeli
573 3805 750 3886 aperiebant
762 3809 865 3886 portas
880 3803 967 3881 coeli,
983 3808 1012 3867 et
1027 3822 1077 3866 me
1086 3807 1242 3867 sumentes
1253 3803 1346 3866 duce-

273 3900 353 3962 bant
375 3899 444 3958 ante
461 3895 575 3958 Deum.
597 3931 624 3940 -
646 3899 674 3958 6.
699 3894 759 3958 Cui
784 3893 899 3957 socius:
925 3892 1066 3956 Mirabile
1084 3892 1242 3956 somnium
1258 3891 1345 3972 quod

273 3985 395 4050 vidisti!
442 3985 482 4047 ltt
496 4001 556 4064 ego
571 3983 731 4060 somniavi,
756 3982 843 4063 quod
858 4001 877 4045 a
892 3981 1018 4047 duobus
1033 3981 1150 4062 angelis
1166 3999 1216 4043 me
1231 3980 1345 4043 ducen-

273 4076 361 4139 tibus
379 4078 410 4137 et
423 4078 534 4137 terram
550 4071 762 4136 scindentibus
777 4072 809 4134 in
827 4071 982 4134 internum
998 4070 1137 4134 ducerer.
1154 4105 1181 4114 -
1200 4074 1229 4132 7.
1247 4068 1347 4138 Rusti·

273 4182 333 4228 cus
348 4164 409 4226 hoc
425 4166 523 4226 totum
538 4162 689 4238 audiebat,
706 4166 783 4224 etse
798 4160 936 4224 dormire
951 4159 1097 4240 lingebat.
1133 4157 1195 4222 Sed
1212 4158 1346 4237 burgen-

213 4273 258 4319 ses
273 4272 328 4319 ses
342 4252 462 4333 decepti
478 4251 620 4333 decipere
635 4251 780 4327 volentes,
796 4254 831 4312 ut
845 4249 983 4328 vigilaret
998 4248 1136 4323 rusticus,
1152 4250 1346 4311 vocaverunt
