3525 5025
880 512 1100 569 -46-

456 683 571 764 accepit
593 683 724 747 frustum
747 682 909 747 arundinis
936 686 1074 763 apertum
1098 701 1136 747 ex
1158 687 1288 764 utraque
1310 688 1400 765 parte,
1421 687 1457 761 et
1479 700 1514 745 eo

458 772 584 853 impleto
607 772 733 853 pulvere
757 772 924 851 mortifero,
956 771 1010 836 ivit
1030 771 1070 835 ad
1094 772 1181 835 illum
1209 773 1286 836 dum
1309 772 1460 849 dormiret,
1488 776 1514 834 et
1579 795 1580 840 t

457 860 666 943 discooperuit
689 865 772 924 nates
795 862 870 939 eius,
901 864 935 923 ut
960 862 1118 943 pulverem
1142 861 1353 927 intromitteret
1374 861 1404 924 in
1425 878 1512 924 anum
1579 895 1580 940 3

399 968 430 1013 ro
456 966 558 1015 suum.
604 952 733 1014 Etcum
758 949 904 1032 inciperet
927 950 983 1014 hec
1004 968 1096 1030 agere
1118 951 1272 1031 expiratus
1294 956 1340 1014 est
1353 954 1458 1014 ventus
1477 949 1514 1013 de
1579 1005 1580 1030 ,

456 1056 587 1120 corpore
609 1038 692 1103 illius
714 1044 744 1103 et
773 1038 875 1121 pulvis
902 1042 948 1102 est
971 1040 1124 1120 impulsus
1153 1040 1186 1101 in
1209 1057 1264 1103 ore
1287 1039 1429 1116 mulieris,
1458 1056 1514 1119 que

456 1128 571 1192 corruit
593 1133 759 1193 retrorsum
783 1128 815 1191 in
843 1132 923 1193 terra
944 1132 974 1192 et
1001 1132 1122 1192 mortua
1148 1133 1201 1208 est,
1232 1129 1379 1193 heremita
1400 1127 1514 1192 vidente
1579 1133 1580 1210 j

456 1217 513 1280 hec
535 1218 648 1281 omnia

547 1306 694 1370 Diluculo
717 1323 791 1371 vcro
814 1306 937 1371 recessit
959 1307 1105 1371 heremita
1127 1305 1201 1369 inde
1223 1310 1253 1369 et
1267 1306 1321 1371 ivit
1338 1306 1377 1370 ad
1393 1323 1513 1387 queren-

400 1412 430 1458 ιο
456 1394 532 1458 dum
558 1395 666 1473 furem,
689 1400 718 1460 et
741 1395 912 1477 hospitatus
934 1400 980 1459 est
1002 1396 1034 1459 in
1050 1395 1148 1460 domo
1170 1394 1329 1459 cuiusdam
1355 1396 1411 1458 viri
1433 1394 1513 1457 amici
1579 1439 1580 1442 ,

456 1484 503 1547 sui
527 1484 581 1565 qui
599 1484 734 1565 precepit
749 1485 837 1549 uxori
853 1501 910 1549 sue
925 1484 1044 1549 dicens:
1067 1485 1148 1550 Volo
1165 1488 1198 1548 ut
1213 1485 1365 1549 honorem
1384 1484 1514 1548 conferas
1579 1497 1580 1562 l

456 1572 529 1636 huic
552 1573 627 1652 viro,
659 1578 688 1637 et
710 1574 737 1637 ei
765 1572 871 1637 omnia
898 1573 1015 1637 tribuas
1042 1574 1218 1651 necessaria,
1248 1573 1398 1654 quoniam
1425 1571 1511 1654 [socii]
1579 1565 1580 1592 ¹

457 1662 516 1725 mei
548 1680 598 1726 me
626 1663 829 1727 invitaverunt
856 1681 913 1726 nec
943 1667 1052 1743 potero
1080 1663 1185 1727 venire
1217 1662 1249 1725 in
1279 1662 1336 1725 hac
1364 1668 1463 1739 nocfc;
1489 1665 1514 1723 et

455 1750 530 1814 abiit
559 1750 615 1815 vir.
661 1751 831 1815 Adamabal
859 1756 961 1815 autem
993 1769 1121 1815 uxorem
1152 1752 1200 1814 vir
1227 1751 1369 1832 quidam,
1400 1755 1514 1830 eratque

398 1856 429 1902 so
456 1840 525 1903 lena
548 1840 659 1904 mulier
673 1840 815 1921 quedam,
839 1858 919 1905 uxor
941 1841 1172 1918 barbitonsoris,
1202 1841 1300 1904 vicina
1322 1841 1400 1904 eius.
1440 1839 1515 1903 Dixit
1579 1829 1580 1852 ¹

456 1928 566 1991 mulier
589 1930 678 1994 uxori
701 1930 924 1995 barbitonsoris
939 1929 1026 2010 quod
1042 1930 1098 1994 iret
1119 1934 1148 1994 et
1162 1933 1285 1994 vocaret
1297 1930 1357 1993 sibi
1372 1929 1513 1993 amasium
1579 1935 1580 2010 f

455 2034 547 2081 suurn
573 2023 606 2082 ut
629 2019 744 2082 veniret
767 2022 856 2083 nocte
879 2018 937 2096 illa,
970 2019 1118 2099 quoniam
1142 2019 1189 2082 vir
1215 2020 1282 2083 eius
1309 2036 1373 2082 non
1406 2018 1513 2081 eratin

456 2106 562 2185 domo,
591 2112 620 2171 et
642 2108 700 2171 sibi
725 2107 838 2172 diceret
859 2107 946 2188 quod
970 2112 1050 2172 esset
1075 2108 1107 2170 in
1131 2108 1211 2172 ostio
1233 2107 1349 2172 domus
1371 2106 1471 2171 donec
1490 2105 1513 2168 ei

456 2195 567 2259 intrare
590 2196 765 2278 preciperet
812 2197 894 2261 Fecit
916 2196 1017 2277 itaque
1039 2214 1119 2260 uxor
1142 2197 1373 2274 barbitonsoris,
1396 2197 1471 2260 sicut
1490 2194 1514 2257 ei

397 2302 428 2349 m
456 2285 651 2349 constituerat
674 2286 791 2364 mulier,
819 2291 849 2349 et
871 2286 999 2350 veniens
1021 2286 1072 2349 ille
1094 2287 1191 2350 stabat
1213 2287 1245 2349 in
1269 2286 1348 2349 ostio
1371 2285 1471 2349 donec
1490 2283 1513 2346 ci
1579 2349 1580 2352 ,

456 2373 566 2437 intrare
590 2374 741 2438 diceretur
762 2392 862 2455 usque
881 2380 912 2438 af
935 2380 1065 2440 noctem.
1112 2375 1233 2438 lnterim
1249 2392 1324 2438 vero
1346 2372 1515 2456 supervenit

455 2462 677 2544 paterfamilias,
707 2464 761 2545 qui
789 2482 860 2529 cum
888 2464 982 2547 [euml
1008 2465 1124 2529 videret
1150 2464 1182 2528 in
1207 2464 1286 2529 ostio
1313 2481 1370 2528 sue
1399 2464 1514 2540 domus,
1579 2493 1580 2525 t

454 2570 524 2615 cum
553 2553 643 2616 etiarn
673 2554 775 2635 ipsum
803 2558 979 2635 suspectum
1011 2554 1136 2618 haberet
1164 2572 1239 2635 erga
1268 2571 1397 2618 uxorem
1425 2570 1514 2628 suam,
1579 2554 1580 2569 ¹

454 2642 561 2706 acriter
590 2641 719 2723 alligans
749 2661 815 2707 eam
845 2643 886 2706 ad
916 2643 1092 2708 columnam
1120 2643 1235 2708 domus
1261 2642 1315 2705 ivit
1344 2642 1514 2706 dormitum.
1579 2716 1580 2725 ἵ

397 2748 428 2794 oo
455 2730 600 2813 Cumque
623 2733 753 2796 traheret
775 2732 816 2796 ibi
842 2750 961 2796 moram
976 2733 1110 2796 amasius
1126 2733 1271 2810 mulieris,
1295 2732 1378 2796 misit
1398 2731 1514 2795 adeam

455 2821 554 2885 lenam
579 2839 706 2886 uxorem
731 2821 962 2901 barbitonsoris,
985 2840 1047 2903 que
1069 2821 1216 2886 accedens
1234 2821 1366 2899 adeam,
1390 2820 1464 2883 dixit
1476 2818 1515 2881 ei:

455 2910 541 2985 Quid
571 2911 618 2975 vis
648 2915 682 2974 ut
710 2910 798 2973 faciat
828 2911 874 2975 vir
905 2911 965 2988 ille¹
984 2929 1055 2974 curn
1086 2911 1224 3001 tebdium
1254 2910 1294 2974 sit
1323 2911 1349 2973 ei
1378 2909 1409 2972 in
1439 2908 1515 2972 ostio
1579 2944 1580 2949 κ

453 3001 635 3081 expectare?
681 2999 741 3063 Cui
766 2999 938 3080 respondit:
963 2999 1052 3080 Rogo
1075 3004 1104 3065 te
1127 3004 1161 3063 ut
1181 2999 1256 3063 mihi
1280 2999 1420 3064 conferas
1441 2999 1516 3060 hanc

454 3088 580 3168 gratiam
605 3093 638 3152 ut
660 3088 802 3152 absolvas
825 3108 875 3153 me
899 3089 971 3153 hinc
986 3094 1015 3153 et
1036 3093 1065 3153 te
1086 3089 1162 3170 liges
1177 3089 1209 3152 in
1226 3106 1296 3152 meo
1320 3089 1398 3166 loco,
1421 3087 1516 3151 donec

396 3192 428 3239 ou
454 3177 563 3240 vadam
587 3182 617 3240 et
631 3178 765 3242 tractabo
781 3178 813 3241 in
830 3197 901 3242 meo
922 3179 991 3242 loco
1007 3197 1077 3242 cum
1093 3197 1132 3242 eo
1147 3183 1176 3242 et
1192 3183 1323 3242 revertar
1338 3177 1515 3245 festinanter.

456 3265 492 3327 Et
514 3265 585 3328 fecit
607 3265 646 3329 ita
669 3270 698 3330 et
727 3266 831 3347 ligavit
857 3285 891 3332 se
918 3286 998 3332 uxor
1028 3268 1249 3333 barbitonsoris
1276 3266 1345 3330 loco
1376 3264 1515 3340 mulieris,

455 3354 555 3418 donec
578 3354 689 3419 rediret
711 3356 751 3419 ab
773 3357 891 3422 amasio
913 3375 980 3422 suo.
1016 3357 1137 3420 lnterim
1161 3375 1235 3421 vero
1258 3356 1401 3420 excitatus
1424 3358 1516 3436 pater-

454 3442 584 3506 familias
611 3443 650 3507 de
681 3462 741 3508 suo
771 3463 915 3527 sompno,
947 3446 1065 3510 vocavit
1094 3464 1221 3510 uxorem
1252 3462 1353 3523 suam;
1382 3450 1413 3508 at
1441 3460 1517 3507 uxor

454 3532 676 3597 barbitonsoris
704 3551 768 3598 non
799 3535 1013 3616 respondebat,
1044 3553 1083 3600 ne
1110 3535 1188 3599 forte
1214 3553 1281 3597 eam
1313 3536 1516 3614 cognosceret

397 3621 427 3668 ⁷⁰
455 3621 507 3684 llle
530 3640 612 3702 vero,
635 3641 705 3686 curn
730 3625 907 3688 multotiens
929 3629 1050 3689 vocaret
1076 3624 1173 3706 ipsam
1196 3627 1226 3687 et
1248 3640 1433 3704 responsum
1456 3639 1517 3686 non

454 3711 539 3774 daret
561 3712 597 3790 ei,
622 3717 805 3793 provocatus
828 3713 871 3776 ira
894 3714 1031 3792 sunexit
1054 3718 1084 3776 et
1106 3714 1160 3778 ivit
1173 3713 1212 3776 ad
1228 3731 1295 3777 eam
1311 3716 1341 3775 et
1354 3712 1519 3793 amputavit

454 3800 481 3863 ei
520 3819 645 3881 nasum,
684 3802 791 3866 dicens
829 3803 869 3866 ei:
907 3802 995 3866 hifer
1031 3807 1118 3866 tuum
1157 3820 1266 3866 nasum
1306 3801 1337 3863 in
1376 3801 1517 3865 exenium

453 3890 569 3954 amasio
592 3894 654 3956 tuo.

543 3979 688 4060 Cumque
722 3980 834 4044 rediret
864 3981 975 4044 mulier
1004 3981 1044 4044 ab
1073 3980 1190 4045 amasio
1220 3998 1294 4058 suo,
1327 3979 1405 4042 vidit
1434 3978 1518 4060 quod

397 4085 427 4132 u
452 4067 562 4132 aocidit
591 4086 646 4132 sue
676 4069 767 4146 socie,
799 4070 888 4134 uxori
918 4070 1153 4147 barbitonsoris,
1184 4074 1214 4134 et
1242 4069 1408 4132 absolvens
1438 4069 1516 4131 illam

339 4183 341 4188 ·
454 4157 558 4238 ligavit
580 4175 613 4222 se
636 4157 705 4224 loco
719 4176 779 4222 suo
798 4163 828 4222 et
850 4175 930 4223 uxor
951 4159 1174 4223 barbitonsoris
1188 4158 1264 4222 abiit
1278 4158 1309 4221 in
1325 4159 1407 4221 viam
1423 4176 1516 4234 suam,

453 4245 599 4308 heremita
626 4245 748 4308 vidente
777 4248 834 4308 hec
856 4247 968 4309 omnia.
1015 4248 1052 4308 Et
1073 4247 1215 4309 meditata
1241 4252 1286 4310 est
1312 4265 1392 4310 uxor
1415 4248 1517 4328 patris
