3525 5025
657 543 899 593 -111-

261 712 443 775 insidiabatur
465 719 495 776 et
517 730 733 793 quoscumque
763 712 823 773 sibi
846 712 970 774 fortuna
992 712 1153 775 obtulisset
1174 712 1309 790 adversa,

261 800 464 881 cuiuscumque
498 807 601 865 essent
634 801 820 864 conditionis
850 802 898 863 vel
928 819 1032 877 sexus,
1068 801 1161 864 rebus
1191 806 1220 865 et
1250 803 1311 866 vita

211 907 248 951 sn
262 890 365 970 absque
396 892 456 954 ulla
488 890 697 954 misericordia
726 890 886 971 spoliabat.
941 892 973 952 ln
1006 890 1062 953 hac
1092 909 1167 971 ergo
1198 892 1311 955 malitia

262 983 316 1041 tota
344 980 401 1042 vita
433 998 489 1044 sua
524 997 624 1060 usque
655 979 694 1042 ad
728 983 913 1041 senectutem
946 984 1105 1057 transacta,
1144 998 1214 1043 cum
1250 982 1309 1043 ianr

261 1068 387 1131 immensi
413 1070 479 1132 auri
508 1074 538 1131 et
566 1068 684 1148 argenti
707 1068 805 1148 copiis
828 1068 888 1131 sibi
913 1069 992 1131 male
1020 1069 1176 1149 acquisitis
1199 1070 1311 1134 ditatus

260 1163 334 1234 esset,
366 1158 464 1221 sciens
496 1158 589 1221 nichil
621 1157 795 1238 inpunitum
828 1157 907 1234 tore,
943 1158 1098 1237 nichilque
1129 1158 1214 1238 quod
1246 1178 1309 1223 non

260 1247 394 1309 reveletur
416 1248 581 1324 occultum,
604 1246 753 1326 quodque
777 1264 841 1308 non
856 1246 972 1309 diutius
987 1247 1135 1326 glorietur
1151 1248 1181 1310 in
1199 1248 1311 1311 malitia

213 1351 247 1396 sno
261 1340 356 1414 potens
377 1336 542 1417 iniquitate,
574 1335 646 1398 huic
667 1335 790 1398 tandem
814 1353 885 1398 sero
912 1354 1004 1416 prave
1032 1337 1215 1400 renuntiavit
1237 1356 1311 1402 con-

259 1425 411 1503 suetudini,
445 1426 600 1505 reliquum
631 1425 691 1487 vite
721 1443 776 1487 sue
807 1425 838 1487 in
872 1425 1030 1488 honestate
1064 1431 1092 1488 et
1127 1427 1311 1491 emulatione

258 1513 387 1576 virtutum
411 1515 538 1578 ducens.
582 1515 651 1576 Erat
673 1514 789 1576 cunctis
813 1514 970 1590 miraculo,
993 1516 1078 1594 quod
1103 1520 1163 1578 tam
1188 1520 1311 1597 repente

260 1602 355 1680 pellem
379 1608 526 1666 mutasset
549 1603 684 1683 Ethiops,
715 1607 745 1664 et
772 1603 887 1683 pardus
916 1602 1149 1668 diversicolores
1178 1604 1311 1668 maculas

259 1690 438 1756 abstersisset.
486 1693 585 1756 Porro
609 1710 679 1755 cum
703 1693 742 1754 ad
765 1692 949 1772 decrepitam
981 1694 1168 1773 pervenisset
1194 1698 1310 1771 etatem,

217 1783 311 1842 urbm
335 1782 415 1846 tilios
446 1799 523 1845 suos
553 1800 590 1843 ex
623 1799 720 1844 uxore
753 1786 913 1862 succeptos
946 1782 1182 1859 honestioribus,
1217 1802 1310 1863 quam

261 1962 286 2019 et
304 1959 480 2041 multiplices
511 1959 673 2039 proposuit
698 1963 784 2035 artes,
818 1959 984 2022 libertatem
1013 1961 1151 2025 tribuens
1178 1961 1311 2042 eligendi

260 2046 317 2124 sibi,
343 2067 435 2128 quam
461 2049 532 2128 quis
554 2048 644 2111 vellet
672 2066 742 2110 cum
770 2049 855 2110 tertia
878 2048 1034 2112 dumtaxat
1063 2068 1118 2113 sue
1145 2051 1313 2114 substantie

261 2138 394 2213 portione.
442 2136 507 2215 Qui
531 2155 635 2201 secum
665 2137 768 2200 habito
792 2138 931 2215 consilio,
963 2138 1078 2201 nullam
1103 2144 1197 2202 artem
1221 2140 1310 2203 aliam

219 2239 339 2303 nmquam
362 2246 438 2304 eam,
469 2244 530 2307 qua
554 2231 638 2306 pater
664 2225 718 2289 illo
747 2244 846 2306 usque
873 2227 994 2305 vixerat,
1025 2246 1059 2292 se
1086 2230 1220 2309 recipere
1248 2247 1312 2293 uno

260 2330 305 2377 ore
318 2316 516 2397 respondunt.
555 2315 681 2389 Quibus
697 2319 793 2395 pater:
817 2315 985 2394 Quoniam,
1010 2317 1117 2397 inquit,
1141 2318 1185 2381 sic
1200 2318 1314 2400 placuit

260 2404 343 2482 vobis,
373 2410 407 2467 ut
430 2405 532 2467 relicta
555 2405 711 2468 honestate
734 2422 903 2484 securaque
925 2406 974 2467 via
996 2407 1035 2469 ad
1060 2406 1220 2485 sinistram,
1251 2425 1312 2488 que

260 2490 331 2556 ducit
350 2494 388 2557 ad
412 2494 576 2571 interitum,
608 2494 688 2557 viam
720 2494 863 2576 periculis
893 2494 1057 2573 subditam,
1088 2496 1128 2559 de
1157 2516 1218 2578 que
1249 2496 1312 2560 iere

263 2580 348 2664 {157⁶}
373 2584 450 2647 nulli
471 2584 571 2646 redire
586 2585 691 2646 datum
708 2588 760 2661 est
784 2584 946 2647 unanimes
969 2585 1167 2664 declinaretis,
1192 2587 1312 2649 utimini

221 2670 393 2736 arelectione
424 2676 531 2750 vestra,
566 2690 662 2736 novas
692 2673 782 2736 vobis
812 2673 933 2737 divitias
964 2674 1128 2739 latrociniis
1155 2694 1226 2738 cum
1254 2676 1313 2738 vite

262 2761 382 2836 periculo
416 2761 476 2825 sub
515 2766 580 2824 estu
615 2761 690 2826 solis
728 2762 910 2843 hyemisque
943 2763 1059 2843 frigore
1089 2765 1313 2844 conquirentes,

261 2851 393 2926 quoniam
418 2851 528 2913 harum
551 2868 628 2930 quas
658 2850 758 2914 habeo
786 2852 948 2915 divitarum
981 2853 1084 2915 nullus
1107 2859 1241 2917 vestrum
1266 2853 1313 2916 vel

262 2939 447 3015 quadrantem
487 2939 620 3004 habebit.
680 2941 898 3004 Verumtamen
937 2941 1045 3019 sciatis
1084 2944 1169 3023 quod
1209 2943 1314 3023 paucis

262 3024 341 3091 huius
362 3029 410 3092 vie
432 3029 632 3092 sectatoribus
655 3029 733 3092 felici
757 3030 837 3092 exitu
858 3031 993 3109 gaudere
1015 3031 1139 3094 fortuna
1162 3033 1314 3112 permittit.

225 3111 313 3177 lnSed
335 3118 384 3180 illa
397 3118 621 3181 ammonitione
637 3119 728 3198 patris
744 3119 912 3182 contemtui
933 3119 1043 3197 habita,
1068 3125 1156 3184 nocte
1175 3121 1313 3201 sequenti

263 3220 371 3284 equum,
394 3225 459 3286 qno
480 3207 587 3286 regina
602 3207 777 3284 vehebatur,
801 3208 887 3271 omni
913 3209 979 3273 lore
1003 3209 1100 3289 pretio
1124 3210 1314 3291 incompara-

263 3289 342 3356 bilem
364 3297 420 3360 hac
441 3301 505 3359 arte
528 3296 617 3358 iurati
633 3302 711 3359 sunt.
754 3297 956 3376 Collegerunt
971 3298 1073 3375 herbe,
1098 3317 1190 3379 quam
1207 3318 1313 3362 ervum

263 3397 401 3463 vocamus,
424 3385 612 3463 fasciculum,
635 3386 795 3448 audierant
810 3387 892 3448 enim
916 3405 1032 3467 equum
1058 3387 1143 3450 illum
1167 3389 1234 3451 talis
1249 3406 1315 3452 esse

265 3475 364 3551 nature,
397 3474 483 3554 quod
515 3492 610 3537 omne
639 3475 743 3554 pabuli
774 3492 881 3554 genus,
917 3475 974 3539 hac
997 3481 1128 3558 excepta,
1161 3477 1314 3555 fastidiret,

227 3555 434 3642 tumbamque
462 3581 555 3626 suum
588 3563 739 3626 iuniorem
764 3565 795 3626 in
826 3565 921 3627 herba
951 3565 1137 3629 absconsum
1169 3570 1253 3630 caute
1276 3567 1314 3629 ad

265 3644 352 3713 lorum
375 3671 476 3715 rerum
500 3647 655 3714 venalium
680 3653 757 3716 circa
772 3672 935 3734 vesperum
960 3655 1047 3734 quasi
1071 3655 1314 3718 venundandum

266 3732 429 3803 detulerunt.
484 3742 559 3804 Ecce
591 3745 691 3804 autem
726 3747 829 3804 custos
864 3743 936 3822 equi
972 3761 1059 3806 more
1089 3744 1181 3807 solito
1211 3745 1315 3808 torum

266 3821 457 3906 deambulans,
489 3831 548 3893 hos
578 3848 647 3892 curn
678 3831 823 3894 fasciculo
853 3850 912 3895 suo
944 3832 1083 3913 repperit,
1116 3833 1317 3912 nesciensque

267 3910 344 3978 latere
373 3919 494 3996 dolum,
530 3920 604 3981 emit
637 3920 777 3996 herbam,
812 3921 960 4002 imposuit
994 3922 1144 3999 humeris,
1183 3921 1250 3984 tulit
1285 3921 1315 3983 in

230 4004 413 4086 osubulum,
436 4008 581 4089 apposuit
603 4025 694 4088 equo,
725 4013 886 4089 seratoque
911 4010 1018 4072 iterum
1044 4009 1124 4073 ostio
1147 4009 1315 4072 dormitum

268 4089 334 4155 abiit
363 4096 451 4160 Circa
468 4096 600 4159 mediam
616 4101 716 4159 autem
734 4102 863 4176 noctem,
880 4099 1007 4178 quando
1024 4098 1124 4162 cuncti
1142 4098 1316 4160 mortalium

269 4183 382 4254 graviori
405 4185 505 4249 solent
532 4203 646 4248 somno
669 4186 809 4265 deprimi,
840 4204 980 4264 surgens
1011 4187 1065 4264 qui
1089 4186 1179 4248 viridi
1208 4185 1317 4247 latebat

270 4271 363 4348 anguis
377 4275 407 4336 in
424 4275 527 4352 herba,
552 4292 634 4354 equo
649 4275 771 4336 frenum
794 4274 916 4352 inponit
929 4290 1066 4345 aureum,
1090 4271 1194 4331 sternit
1210 4271 1316 4343 serice,
