3525 5025
817 525 1060 584 -186-

404 715 469 764 non
492 697 645 776 credebat,
667 703 769 762 temen
792 697 825 762 in
848 697 937 762 nullo
953 695 1152 776 discredebat,
1175 702 1206 761 et
1229 698 1324 761 itaet
1347 697 1379 760 in
1397 697 1484 762 lactis

348 805 392 852 us
405 794 436 852 et
457 787 490 852 in
513 787 577 852 tide
599 787 737 852 melioris
759 786 952 852 oondicionis
973 791 1038 850 erat
1060 787 1111 852 eis.

785 930 836 992 15.
886 929 939 1010 [=
965 927 996 994 s.
1023 927 1105 1010 tsi]

493 1054 607 1119 Audivi
633 1072 653 1117 a
680 1052 819 1134 quodam
845 1053 945 1131 fratre,
976 1053 1030 1134 qui
1062 1059 1091 1117 et
1119 1054 1267 1135 scriptum
1299 1070 1336 1116 se
1365 1052 1480 1117 vidisse

403 1143 564 1221 emerebat,
595 1143 683 1223 quod
712 1142 840 1223 quidam
871 1142 961 1207 miles
988 1142 1084 1221 dives,
1113 1142 1242 1223 iuvenis,
1273 1142 1421 1206 delicatus
1448 1145 1480 1205 et

406 1232 552 1296 litteratus
580 1231 694 1313 inoepit
721 1231 855 1312 cogitare
882 1230 923 1295 de
950 1231 1081 1295 vanitate
1111 1231 1230 1309 mundi,
1261 1236 1291 1294 et
1313 1230 1479 1311 quomodo

404 1322 455 1385 vix
476 1326 531 1386 aut
552 1337 713 1401 nunquam
736 1324 841 1402 posset
863 1320 895 1384 in
919 1325 996 1384 statu
1021 1320 1075 1385 illo
1098 1321 1215 1399 salvari,
1238 1324 1268 1383 et
1289 1320 1378 1400 quod
1397 1320 1478 1384 beati

349 1427 391 1476 oo
405 1416 492 1474 erant
506 1427 664 1492 pauperes,
688 1410 828 1490 lugentes
850 1415 880 1473 et
902 1409 1136 1474 tribulacionem
1161 1408 1322 1490 pacientes
1360 1408 1478 1472 Volens

406 1504 526 1581 peccata
547 1515 605 1562 sua
627 1500 732 1578 lugere
753 1502 784 1562 et
805 1497 942 1562 divinam
959 1497 1208 1562 consolacionem
1232 1497 1401 1579 promereri
1422 1515 1479 1578 per

405 1588 530 1666 luctum,
562 1587 688 1652 blenter
717 1586 864 1651 recedens
891 1605 909 1650 a
939 1586 1035 1670 patria
1056 1603 1120 1666 sua,
1146 1587 1236 1651 ¹venit
1257 1586 1478 1651 Constantino-

405 1676 514 1758 polim.
550 1677 583 1740 in
607 1677 675 1757 eius
697 1676 822 1740 introitu
846 1675 964 1740 invenit
986 1694 1152 1758 pauperem
1177 1676 1403 1753 carbonarium,
1426 1675 1477 1739 cui

404 1765 604 1832 commutavit
636 1769 736 1830 vestes
769 1782 841 1829 suas
874 1766 974 1830 bonas
1009 1782 1067 1847 pro
1102 1765 1167 1830 suis
1201 1764 1315 1846 pravis;
1352 1764 1476 1843 intrans,

349 1869 392 1918 tu
406 1854 478 1918 iecit
498 1872 533 1918 se
554 1854 682 1918 fatuum.
732 1854 780 1918 De
802 1854 855 1918 die
877 1872 896 1917 a
919 1854 1023 1936 pueris
1053 1854 1262 1934 instigabatur,
1294 1852 1478 1917 irridebatur

403 1949 434 2007 et
455 1943 668 2024 flagellabatur
689 1943 910 2022 miserabiliter,
934 1943 976 2006 nil
990 1960 1046 2007 eos
1062 1942 1180 2020 ledens;
1205 1942 1245 2006 de
1261 1947 1359 2020 nocte,
1382 1959 1479 2024 super

404 2032 559 2097 fimarium
575 2032 687 2112 jacens,
711 2032 888 2112 invigilabat
902 2032 987 2096 iletui
1003 2036 1034 2095 et
1055 2031 1205 2108 oracioni;
1229 2031 1269 2095 de
1292 2032 1343 2095 die
1358 2031 1479 2095 redibat

404 2121 444 2184 ad
466 2139 600 2202 agonem
623 2127 653 2184 et
681 2121 851 2186 ludibrium
874 2139 1053 2203 puerorum.
1098 2120 1181 2184 Cum
1204 2126 1307 2185 autem
1331 2120 1396 2184 duo
1419 2121 1476 2184 filii

406 2211 599 2292 imperatoris
621 2209 665 2275 ibi
689 2211 848 2291 litigarent,
879 2211 983 2274 minor
1009 2210 1122 2274 occidit
1149 2210 1312 2290 majorem;
1342 2209 1406 2290 qui,
1434 2209 1475 2272 ad

350 2316 392 2363 aso
407 2299 550 2363 ultimum
573 2304 785 2382 oompunctus,
809 2300 863 2363 ivit
879 2299 1019 2368 Romam.
1053 2299 1200 2380 Cumque
1216 2317 1295 2381 papa
1311 2297 1478 2361 remisisset

404 2386 444 2451 ad
468 2387 667 2469 patriarcham
691 2406 792 2465 suum,
823 2389 878 2469 qui
910 2388 993 2452 misit
1021 2387 1158 2452 eumad
1190 2386 1357 2468 quemdam
1389 2387 1477 2450 here-

405 2477 509 2541 mitam
533 2477 713 2560 Egypcium,
737 2477 788 2541 ille
810 2478 894 2542 misit
916 2494 987 2542 eum
1011 2476 1049 2541 ad
1074 2481 1239 2541 extremam
1263 2480 1379 2558 partem
1403 2474 1478 2541 soli-

405 2565 521 2631 tudinis
545 2567 721 2649 Egypciace,
751 2566 790 2630 ad
821 2566 989 2647 quemdam
1020 2567 1114 2630 alium
1146 2566 1219 2630 tanti
1250 2566 1357 2643 meriti,
1388 2565 1477 2647 quod

406 2656 528 2721 crebras
562 2656 694 2721 habebat
723 2655 845 2720 divinas
878 2656 1085 2720 revelaciones
1114 2660 1143 2720 et
1172 2655 1413 2734 consolaciones,
1447 2659 1480 2719 et

350 2761 392 2808 aaa
407 2745 539 2825 singulis
561 2744 672 2809 diebus
694 2745 783 2826 panis
805 2745 923 2809 celestis
946 2745 1119 2809 mittebatur
1141 2746 1178 2809 ei.
1213 2744 1273 2809 Cui
1297 2763 1367 2809 eum
1381 2762 1479 2808 reve-

406 2833 500 2897 latum
532 2838 611 2899 esset
644 2833 684 2898 de
716 2833 850 2898 adventu
885 2835 960 2916 eius,
995 2834 1183 2915 precucurrit
1211 2835 1251 2898 ad
1282 2852 1368 2898 eum:
1403 2838 1479 2898 tunc

407 2923 496 3003 panis
524 2923 569 2987 eis
591 2924 631 2988 ab
653 2923 766 3003 angelo
798 2922 972 3004 duplicatus
1002 2923 1142 3001 mittitur;
1178 2928 1247 3004 post
1278 2922 1477 2987 reiectionem

406 3022 554 3091 mutuam,
586 3012 742 3092 colloquia
763 3016 793 3075 et
815 3012 983 3090 oraciones,
1008 3012 1078 3076 Deo
1102 3012 1261 3091 revelante,
1292 3011 1382 3074 mittit
1403 3029 1477 3075 eum

405 3100 445 3163 ad
469 3100 596 3164 militem
619 3100 743 3180 dictum,
774 3101 828 3181 qui
852 3119 886 3165 se
909 3101 1026 3165 fatuum
1051 3101 1194 3181 tingebat,
1223 3104 1253 3164 et
1275 3100 1381 3164 docuit
1403 3118 1475 3166 eum

351 3188 482 3269 uoquid
517 3189 643 3268 iaceret,
677 3194 707 3253 et
741 3189 828 3270 quod
863 3189 979 3254 dictum
1015 3190 1140 3253 militem
1176 3190 1326 3253 inveniret
1358 3190 1390 3252 in
1425 3189 1476 3253 tali

406 3278 536 3342 timario.
596 3278 661 3353 Qui
700 3278 782 3342 venit
816 3278 1118 3360 Constantinopolim
1152 3279 1292 3357 latenter,
1331 3282 1359 3342 et
1397 3279 1477 3343 circa

405 3366 541 3447 primum
557 3385 734 3449 ‚sompnum
758 3367 842 3431 venit
863 3367 903 3431 ad
927 3367 1043 3431 dictum
1067 3368 1234 3432 timarium
1268 3367 1358 3432 Videt
1380 3386 1475 3449 quem

406 3456 552 3535 querabat
574 3462 749 3537 surgentem
773 3462 803 3520 et
824 3461 947 3521 euntem
976 3456 1014 3520 ad
1038 3457 1195 3521 eeclesiam
1219 3456 1328 3521 Sancte
1350 3456 1476 3538 Sophie,

405 3549 435 3608 et
448 3544 531 3609 videt
546 3544 627 3610 duos
642 3546 756 3611 choros
771 3546 971 3627 psallencium
987 3565 1059 3610 eum
1077 3546 1283 3628 precedentes,
1305 3546 1477 3626 aperientes

350 3651 392 3697 aar
406 3634 564 3699 ecclesiam
589 3639 618 3698 et
639 3635 745 3699 sedem
762 3635 789 3699 ei
811 3634 851 3698 ad
867 3634 1021 3700 orandum
1038 3639 1242 3718 preparantes.
1274 3634 1357 3699 Cum
1373 3638 1476 3699 autem

405 3721 459 3785 diu
484 3728 705 3803 perseverasset
727 3725 759 3787 in
783 3724 927 3789 oracione
950 3728 980 3787 et
994 3742 1092 3806 prope
1115 3724 1276 3789 matutinas
1299 3728 1385 3802 esset,
1409 3742 1477 3788 sur·

406 3811 490 3890 rexit,
524 3829 595 3876 cum
630 3812 720 3878 dictis
750 3813 853 3878 choris
885 3813 1070 3894 regrediens,
1104 3813 1167 3894 qui,
1202 3814 1359 3876 firmantes
1390 3813 1477 3892 ostia,

406 3901 488 3965 celos
510 3901 688 3966 ascendunt
735 3902 787 3965 lile
808 3907 910 3965 autem
933 3901 972 3965 ad
996 3902 1151 3966 timarium
1175 3920 1267 3966 suum
1292 3901 1476 3982 regreditur;

406 4007 499 4069 quem
523 3989 622 4054 dictus
644 3991 767 4070 iuvenis
788 3990 995 4071 subsequitur,
1025 3991 1189 4073 procidens
1211 3991 1250 4055 ad
1275 3990 1369 4072 pedes
1391 4008 1477 4055 suos

351 4096 392 4141 aso
408 4078 511 4152 Quem
536 4077 664 4142 eredens
687 4079 789 4160 primo
808 4097 931 4159 pueros,
955 4079 1104 4144 clamabat
1124 4080 1265 4145 nondum
1289 4097 1355 4143 esse
1378 4079 1476 4159 diem3

404 4167 534 4227 audiens
556 4171 657 4227 autem
682 4167 753 4244 quis
775 4172 854 4228 esset
875 4172 905 4228 et
928 4185 1034 4230 causas
1057 4169 1113 4245 vie,
1138 4174 1166 4232 et
1188 4188 1206 4233 a
1230 4170 1345 4249 quibus
1361 4169 1476 4235 missus

403 4255 488 4324 esset,
512 4255 625 4326 etque
648 4251 771 4326 viderat,
796 4253 951 4313 consuluit
973 4253 1000 4312 ei
1025 4255 1100 4330 quid
1124 4262 1235 4339 ageret,
1260 4258 1427 4336 injungens
1446 4258 1475 4322 ei
