3525 5025
686 510 930 564 -103—

678 706 707 759 2.
745 697 799 777 [.-.-
824 696 854 761 s.
879 696 944 775 sa]

358 858 442 922 Cum
467 858 543 921 olim
568 858 779 925 Romanorum
808 875 857 919 res
887 856 1010 937 publica
1040 855 1210 919 admodum
1238 856 1341 921 adhuc

276 947 368 1010 tenuis
396 948 459 1011 sub
488 947 598 1026 primis
628 946 753 1027 regibus
782 951 931 1025 ageretur,
964 963 1015 1008 rex
1046 944 1173 1025 quidam
1205 946 1342 1011 moriens

232 1052 401 1115 arregnum
429 1035 496 1100 filio
519 1034 623 1098 adhuc
644 1035 837 1099 adolescente
859 1034 1031 1113 dereliquit.
1078 1032 1217 1114 Contigit
1238 1039 1340 1099 autem

275 1143 310 1189 eo
339 1129 495 1205 regnante,
532 1125 619 1204 quod
654 1125 837 1205 plerumque
867 1124 899 1185 in
931 1123 1098 1186 mutatione
1135 1140 1242 1202 regum
1274 1124 1340 1187 iieri

275 1214 353 1292 solet
389 1214 508 1277 turbari
543 1214 654 1277 scilicet
686 1212 897 1282 Romanorum
928 1229 1068 1293 regnum,
1104 1212 1211 1275 urbem
1243 1213 1340 1293 ipsam

277 1303 488 1367 obsidentibus
519 1302 659 1365 inimicis.
705 1302 828 1365 Peracta
857 1320 932 1365 vero
963 1300 1127 1364 obsidione
1159 1302 1189 1363 in
1221 1319 1343 1366 menses

276 1392 426 1470 plurimos
447 1395 596 1471 ceperunt
625 1391 705 1455 cives
727 1391 808 1453 fame
831 1390 932 1453 valida
962 1390 1109 1467 laborare,
1141 1408 1235 1472 porro
1265 1391 1340 1454 dum

231 1482 395 1543 aocottidie
420 1481 496 1544 ioris
526 1498 631 1560 pugne
661 1480 743 1544 intus
773 1480 900 1542 timores
923 1484 1031 1556 essent,
1062 1478 1221 1561 famesque
1245 1480 1342 1560 magis

276 1588 308 1632 ac
336 1569 436 1650 magis
465 1570 695 1649 ingravesceret,
727 1586 780 1631 rex
809 1567 859 1630 ille
889 1568 1070 1632 adolescens
1099 1586 1136 1631 ex
1167 1568 1341 1651 principum

277 1675 401 1721 suorum
425 1658 565 1736 consilio,
597 1658 650 1738 qui
679 1658 817 1721 eiusdem
849 1658 934 1720 etatis
957 1676 991 1721 ac
1014 1657 1168 1738 sapientie,
1199 1657 1286 1721 cuius
1314 1662 1343 1721 et

278 1746 339 1826 ipse
353 1752 446 1825 erant,
463 1748 619 1810 decretum
636 1748 740 1827 posuit
754 1747 786 1809 in
802 1747 888 1824 urbe,
912 1751 946 1809 ut
960 1746 1063 1809 omnis
1079 1763 1187 1810 senum
1204 1746 1342 1810 virorum

278 1854 310 1898 ac
331 1838 496 1899 mulierum
520 1841 583 1899 etas
606 1836 802 1914 occideretur,
829 1835 978 1916 indignos
1000 1835 1085 1899 aiens
1107 1853 1173 1899 esse
1196 1836 1256 1898 vita
1279 1853 1341 1914 eos,

236 1940 269 1985 ab
281 1925 329 2003 qui
352 1944 410 1989 nec
425 1926 534 1988 urbem
550 1925 628 1987 tueri
645 1929 778 2005 possent,
795 1943 851 1987 nec
870 1941 994 2005 pascere
1010 1940 1157 1987 manuum
1176 1924 1342 2003 laboribus,

279 2018 453 2095 tantumque
476 2014 536 2077 cibi
553 2017 709 2077 sumerent
723 2012 854 2091 cottidie,
877 2018 1027 2093 quantum
1047 2012 1176 2093 quilibet
1192 2012 1342 2077 fortiores.

281 2102 338 2165 Eos
360 2122 443 2180 vero,
468 2103 521 2183 qui
545 2108 686 2183 parentes
700 2121 775 2167 suos
791 2103 857 2166 neci
873 2102 1094 2179 subtraherent,
1119 2102 1254 2183 precepit
1272 2120 1342 2166 cum

281 2191 351 2271 ipsis
381 2193 559 2274 parentibus
587 2192 694 2256 mortis
723 2192 870 2255 sententie
901 2191 1065 2255 subiacere.
1111 2191 1344 2254 Trucitabantur

282 2298 350 2359 ergo
385 2285 526 2363 parentes
556 2300 573 2343 a
604 2281 676 2345 liliis
706 2282 773 2344 sine
803 2280 1020 2357 misericordia,
1052 2284 1081 2343 et
1110 2279 1196 2360 quod
1227 2280 1342 2344 dictum

239 2383 401 2450 aequoque
425 2370 625 2448 horrendum,
656 2370 775 2433 nullum
800 2369 951 2433 seviorem
976 2370 1095 2433 hostem
1127 2373 1218 2450 pater,
1249 2387 1342 2449 quam

283 2457 383 2540 tilium,
414 2459 572 2525 sentiebat.
619 2460 750 2523 Tantum
774 2463 875 2523 autem
908 2457 964 2523 hec
986 2457 1148 2522 crudelitas
1171 2458 1277 2540 potuit,
1310 2462 1345 2522 ut

285 2549 381 2613 nullus
404 2551 435 2613 in
466 2554 529 2613 tota
552 2550 629 2612 urbe
660 2549 752 2612 huius
775 2549 860 2612 etatis
883 2553 1013 2612 mortem
1037 2547 1185 2625 evaderet,
1218 2553 1344 2628 excepto

284 2654 343 2702 uno
365 2640 499 2719 sapiente
523 2657 604 2716 sene,
638 2639 692 2717 qui
714 2657 734 2701 a
754 2638 830 2715 illio,
861 2655 958 2701 uxore
981 2641 1098 2700 tantum
1122 2637 1251 2714 conscia,
1283 2655 1344 2717 que

284 2725 339 2790 hoc
359 2733 508 2791 secretum
532 2745 565 2790 se
589 2727 759 2791 habituram
783 2732 974 2790 sacramento
997 2726 1283 2806 iirma[153⁰]verat,
1312 2727 1343 2788 in

241 2827 369 2894 abspecu
391 2818 592 2881 subterraneo
616 2816 747 2880 salvatus
769 2820 824 2879 est.
861 2815 1026 2879 interiectis
1049 2815 1141 2895 igitur
1163 2815 1287 2892 cunctis,
1312 2815 1343 2878 iu

285 2905 391 2982 quibus
424 2906 510 2969 velut
543 2906 618 2969 solis
650 2905 739 2968 iubar
772 2904 919 2985 sapientia
954 2903 1137 2984 refulgebat,
1174 2921 1238 2967 non
1274 2908 1345 2985 post

285 2994 406 3057 multum
431 2999 553 3075 tempus
577 2994 652 3058 urbs
678 2994 718 3057 ab
742 2993 908 3058 obsidione
932 3011 1005 3074 pace
1034 2993 1111 3056 inter
1133 3011 1166 3056 se
1189 2996 1218 3054 et
1240 2992 1344 3056 hostes

284 3082 427 3146 mediante
442 3084 543 3147 soluta
561 3088 614 3147 est.
650 3082 714 3152 Rex
733 3086 834 3145 autem
859 3082 910 3145 ille
925 3082 1104 3146 adolescens
1127 3100 1197 3145 cum
1222 3082 1342 3144 nullum

285 3172 442 3250 sapientem
478 3173 582 3252 legum
622 3172 760 3251 iurisque
794 3172 926 3252 peritum
962 3171 1170 3234 consiliarium
1210 3170 1342 3248 haberet,

243 3269 274 3317 bu
286 3259 400 3325 haberet
413 3265 514 3325 autem
532 3260 646 3324 multos
661 3261 814 3324 malorum
831 3261 1012 3337 incentores,
1028 3264 1190 3322 coetaneos
1205 3258 1345 3322 videlicet

285 3364 360 3431 suos,
381 3351 435 3430 qui
459 3368 529 3412 eum
554 3368 658 3413 secum
683 3351 714 3412 in
736 3367 830 3413 omne
853 3350 971 3430 nephas
993 3349 1154 3429 scelusque
1177 3348 1343 3426 trabebant,

285 3439 357 3517 cepit
377 3440 484 3502 omnia
513 3457 702 3519 corumpere,
736 3438 864 3502 libidine
895 3457 953 3520 pro
976 3438 1093 3502 ratione
1121 3437 1173 3515 uti,
1204 3455 1343 3500 exercere

287 3524 314 3587 in
335 3530 474 3593 subditos
496 3528 672 3605 tirannides,
695 3528 821 3592 insidias
841 3527 1009 3608 inequales,
1038 3531 1148 3608 putans
1171 3527 1229 3590 sibi
1255 3527 1343 3589 licere

287 3616 423 3698 quicquid
455 3618 560 3680 auimo
591 3618 761 3697 placuisset.
815 3619 940 3697 lamque
971 3616 1160 3680 venerabiles
1191 3616 1273 3696 leges
1303 3616 1343 3679 ab

246 3715 339 3766 tibusu
361 3707 543 3783 deciderant,
574 3725 631 3770 nec
657 3706 828 3770 secundum
853 3724 905 3769 eas
934 3707 1137 3769 tractabantur
1160 3723 1257 3781 cause,
1288 3705 1342 3768 sed

286 3794 381 3874 sepius
403 3796 473 3860 iusti
498 3813 620 3858 causam
636 3796 683 3858 vel
701 3796 842 3858 meritum
859 3794 984 3858 tollebat
999 3795 1122 3875 impius,
1146 3799 1174 3857 et
1194 3795 1344 3857 innocens

288 3880 375 3963 iniqui
398 3887 554 3949 fortunam
577 3885 752 3948 sustinebat.
787 3884 1075 3964 Corrumpebantur
1090 3883 1165 3946 boni
1190 3900 1292 3946 mores
1315 3887 1345 3945 et

287 3971 350 4035 vitia
382 3993 438 4055 pro
470 3974 633 4037 virtutibus
668 3974 855 4037 colebantur.
903 3974 935 4035 ln
968 3973 1024 4036 hac
1054 3990 1129 4052 ergo
1160 3971 1343 4034 confusione

288 4063 436 4127 constituta
459 4063 535 4126 urbs
558 4066 698 4142 terraque
720 4063 763 4124 illi
794 4063 929 4126 subiecta
952 4060 991 4124 de
1015 4081 1047 4124 se
1071 4078 1191 4139 suoque
1214 4077 1286 4139 rege
1308 4077 1345 4122 ae

248 4151 469 4233 npnncipibus
504 4152 615 4222 dolens
646 4152 747 4215 dicere
777 4151 956 4230 cogebatur,
992 4150 1077 4230 quod
1114 4148 1188 4211 olim
1221 4147 1343 4226 sapiens

288 4237 405 4305 dixerat:
437 4243 492 4318 Ve,
522 4241 675 4320 inquiens,
706 4245 791 4315 terre,
823 4239 911 4299 cuius
939 4254 991 4296 rex
1022 4253 1098 4312 puer
1125 4239 1170 4294 est
1197 4239 1226 4293 et
1255 4235 1343 4293 cuius
