3525 5025
692 520 913 579 ,15-

347 690 469 756 Frustra
492 693 646 757 fortunam
671 694 791 758 vincere
858 712 915 757 sua
937 700 1029 759 certat
1051 696 1208 776 pauperie;

348 783 438 845 Duro
462 782 593 845 fatorum
618 784 747 846 stamine
814 784 912 847 boves
935 783 1035 865 perdit
1056 784 1187 848 assidue.

296 891 323 937 15
346 872 469 951 Sequax
494 872 597 936 Unius
620 871 654 935 fit
677 873 766 937 bovis
832 873 991 937 excoriatis
1014 873 1140 953 reliquis

345 961 374 1023 Α
397 961 506 1025 vicinis
529 960 699 1024 deluditur:
761 962 920 1027 ,Unusbos
944 963 1037 1026 miser
1058 963 1177 1026 dicitur.

345 1050 454 1114 Tristis
476 1068 545 1113 sors
568 1051 771 1129 mugientium
841 1052 954 1115 bovem
979 1052 1057 1132 rapit
1079 1052 1296 1125 novissimum

341 1140 409 1219 Jam
433 1157 481 1202 res
505 1140 610 1202 minor
631 1140 667 1202 fit
689 1140 767 1221 elegi
835 1144 966 1219 egestate
989 1141 1141 1205 vocabuli.

346 1228 509 1292 Exinanito
533 1228 668 1307 nomine,
736 1233 881 1293 evacuato
904 1230 1025 1293 bostare

295 1336 322 1383 ao
346 1318 467 1397 Tergus
490 1317 629 1397 disponit
650 1318 783 1381 vendere
851 1317 1008 1382 denudato
1031 1318 1185 1382 cadavere.

346 1406 473 1487 Corpus
496 1407 608 1486 linquit
630 1408 793 1487 quadrivio
860 1412 986 1489 sumpto
1009 1408 1100 1472 bovis
1122 1408 1300 1489 amphibalo
1307 1430 1315 1487 ;

345 1496 447 1576 Super
468 1495 597 1575 jumenti
620 1497 757 1559 sellulam
828 1497 916 1577 ponit
939 1497 1016 1560 vitae
1038 1496 1194 1561 fiduciam.

344 1585 394 1647 Ad
418 1585 522 1649 torum
548 1586 727 1666 postliminii
797 1586 888 1649 bovis
911 1586 968 1648 fert
990 1587 1101 1667 pellem
1126 1587 1255 1666 mortui;

345 1676 420 1738 Non
444 1674 541 1737 tardat
563 1692 596 1737 se
619 1694 674 1756 per
697 1675 825 1752 semitas,
887 1675 964 1737 dum
988 1675 1108 1738 festinat
1133 1675 1172 1738 ad
1196 1675 1359 1739 nundinas.

293 1783 321 1829 25
344 1764 406 1828 Sed
430 1768 465 1826 ut
487 1764 577 1826 intrat
599 1764 783 1844 emporium,
851 1764 921 1827 facit
943 1765 1049 1828 venale
1072 1765 1200 1842 corium,

345 1851 443 1927 Quod
468 1856 552 1933 putat
574 1854 678 1933 magni
702 1854 790 1933 pretii
858 1854 936 1916 sicut
958 1854 1100 1917 decorem
1125 1854 1217 1934 pallii.

346 1942 512 2022 Participcs
535 1942 711 2005 commercii
779 1943 972 2023 capacitatem
997 1944 1072 2007 corii

346 2031 466 2094 Pedum
491 2035 669 2094 mensurant
691 2032 829 2095 terminis
897 2035 1036 2094 sutorum
1063 2031 1254 2096 testimoniis.

347 2120 527 2185 Unibovem
552 2121 656 2184 nullus
678 2120 769 2199 Juvat,
837 2121 924 2184 solus
948 2120 1058 2201 pellem
1084 2121 1270 2201 magnificam

295 2228 322 2275 ao
346 2209 407 2272 Pro
432 2210 569 2273 nummis
592 2214 661 2273 octo
684 2210 817 2274 tunicam
887 2210 977 2273 bovis
1000 2210 1126 2290 largitur
1147 2210 1315 2273 sordidam.

346 2298 421 2361 Post
443 2298 597 2380 expletum
621 2299 840 2362 commercium
904 2299 1043 2362 ascendit
1063 2300 1235 2378 jumentum
1259 2317 1359 2376 suurn,

347 2388 489 2452 Distento
512 2391 616 2451 ventre
640 2388 797 2468 turgidum
867 2393 1034 2451 retrorsum
1056 2388 1204 2451 vertendo
1219 2387 1360 2468 gradum.

348 2478 454 2542 Unum
480 2477 596 2542 habens
618 2482 796 2558 argenteum
864 2478 954 2541 intrat
977 2477 1079 2541 lucurn
1104 2476 1318 2556 frondifenrm,

346 2566 410 2640 Qui
423 2567 499 2629 dum
512 2568 625 2630 ventris
637 2572 747 2648 purgat
758 2567 866 2630 limum
903 2572 1095 2630 nummatum
1107 2567 1198 2630 trahit
1209 2567 1360 2631 meritum.

296 2675 324 2720 aa
345 2655 449 2718 Anum
474 2655 550 2718 dum
574 2661 665 2720 certat
687 2661 813 2737 tergere,
882 2657 1009 2720 herbam
1033 2657 1153 2720 festinat
1175 2674 1326 2737 rumpere,

347 2744 407 2808 Sed
431 2745 559 2808 herbam
582 2747 697 2809 vellens
721 2747 854 2827 repperit
921 2746 1007 2826 quod
1030 2763 1107 2826 gens
1129 2763 1220 2808 avara
1241 2745 1349 2825 diligit

347 2834 395 2896 Dc
419 2835 557 2898 nummis
579 2840 639 2898 tres
662 2836 809 2899 sextarios
877 2853 951 2898 mox
974 2834 1106 2898 offendit
1131 2834 1337 2909 absconditos,

345 2923 437 2997 Quos
460 2924 492 2986 in
517 2924 653 2987 flaccenti
677 2925 799 2989 sacculo
851 2924 956 3005 ‘ponit
980 2942 1053 2987 mox
1076 2923 1155 2986 facto
1177 2922 1311 3002 turgido.

345 3011 445 3092 Super
466 3013 640 3092 jumentum
665 3015 802 3077 concitus
870 3013 942 3077 totis
965 3013 1098 3094 imponit
1119 3013 1238 3076 viribus

296 3121 323 3166 40
345 3100 428 3164 Casu
453 3107 587 3183 repertas
609 3103 656 3165 vir
679 3121 763 3183 opes,
831 3103 870 3165 ad
896 3107 1036 3182 paternas
1059 3101 1137 3165 redit
1159 3102 1244 3165 lares.

346 3189 498 3254 Reversus
521 3210 642 3254 saccum
667 3192 796 3272 disligat,
866 3191 1012 3254 infantem
1037 3191 1146 3254 stultus
1168 3191 1303 3267 advocat,

344 3279 449 3353 Quem
474 3281 562 3343 mittit
586 3298 643 3362 pro
666 3282 797 3346 sextario
866 3281 1030 3362 praepositi
1053 3280 1232 3360 iustissimo.

345 3368 474 3442 Quaerit
497 3386 574 3449 puer
597 3371 768 3448 sextarium,
835 3371 1027 3452 praepositus
1050 3369 1199 3447 officium,

345 3458 456 3520 Pandit
479 3477 557 3539 puer
581 3460 738 3539 negotium
814 3460 907 3523 nimis
929 3458 1060 3540 simplex
1083 3463 1270 3538 argenteum.

298 3565 323 3610 45
347 3546 485 3626 Largitur
508 3567 561 3612 vas
584 3549 777 3630 praepositus
845 3548 951 3611 infanti
975 3548 1097 3611 donans
1120 3546 1219 3624 ocius,

346 3637 525 3700 Unibovem
550 3639 780 3718 pauperrimum
849 3642 951 3718 stupet
974 3638 1085 3700 factum
1109 3636 1303 3699 ditissimum.

345 3724 419 3788 Post
441 3729 561 3805 tergum
586 3727 669 3792 vadit
692 3728 779 3808 pueri
847 3727 971 3790 ferentis
995 3726 1112 3789 lancem
1136 3724 1237 3802 tritici,

345 3815 478 3878 Massam
495 3815 578 3879 videt
592 3821 775 3896 argenteam,
840 3817 994 3880 fumosam
1011 3815 1087 3878 dum
1105 3815 1210 3876 lustrat
1225 3813 1359 3876 domam.

344 3903 554 3968 Nummorum
579 3905 653 3969 visis
675 3905 835 3968 montibus
902 3905 975 3968 dicit
996 3903 1165 3984 complosis
1188 3900 1344 3964 manibus:

298 4007 323 4054 50
345 3992 459 4072 ,Hujus
481 3993 570 4072 egeni
594 3995 743 4075 gaudium
812 3998 857 4058 est
878 3995 1003 4070 furtum,
1028 4010 1091 4056 non
1115 3991 1344 4054 commercium.

345 4082 416 4144 Non
440 4083 539 4145 estin
564 4101 670 4147 musac
691 4101 846 4146 caesarum
919 4102 976 4146 nec
998 4081 1153 4145 corbanan
1177 4078 1358 4160 pontificum

344 4169 469 4250 Argenti
492 4176 609 4235 tanturn
632 4173 773 4254 pretium,
842 4176 991 4252 quantum
1014 4170 1088 4250 tegit
1109 4168 1285 4248 tugurium!

347 4259 477 4324 lnitatus
501 4263 678 4343 praeposito
748 4263 913 4341 respondet
936 4260 1024 4324 valde
1048 4259 1157 4321 livido:
