3525 5025
848 518 1070 573 ..20-

483 687 532 751 nd
555 686 687 751 domum
711 692 809 767 portat
832 688 990 769 propriam
1057 686 1246 751 seductionis
1268 687 1421 751 bucinam.

485 778 653 857 Nunquam
677 776 820 841 sacerdos
842 776 921 841 alius
988 776 1114 840 moestis
1135 776 1227 840 tubae
1250 776 1418 855 mugitibus

430 886 471 931 aso
487 866 645 930 Bucinavit
667 864 854 947 profundius
921 884 1015 945 quam
1038 864 1140 929 latuus
1163 865 1363 946 praepositus.
1567 883 1568 902 ¹

485 954 644 1030 Quantum
668 954 759 1019 tubae
786 955 968 1032 concavitas,
1033 958 1151 1017 tantum
1175 954 1301 1035 prodest
1322 954 1485 1018 ventositas.

486 1045 529 1111 Ut
552 1044 659 1109 revixit
680 1044 863 1125 presbytera,
932 1044 976 1107 sic
998 1044 1129 1108 surrexit
1155 1044 1335 1126 praeposita

485 1132 587 1213 Major
607 1132 697 1197 villae
720 1150 784 1197 non
807 1138 853 1196 est
875 1132 979 1196 minor
1045 1132 1077 1195 in
1101 1137 1194 1211 reatu,
1217 1133 1243 1195 si
1266 1133 1390 1210 tardior,

485 1221 549 1297 Qui
577 1239 710 1303 sponsae
733 1222 810 1285 vitae
838 1221 973 1303 dissipat,
1040 1221 1095 1301 qui
1118 1222 1250 1300 bucinat,
1279 1240 1342 1285 non
1367 1222 1488 1285 suscitat

430 1332 471 1379 aso
486 1311 561 1375 Tres
583 1310 722 1391 gebulae,
745 1315 805 1374 tres
829 1316 968 1375 mortuae
1034 1314 1264 1391 praesentantur
1286 1310 1435 1389 ecclesiae,

486 1399 566 1465 Orto
590 1400 665 1463 tristi
688 1398 826 1463 diluculo
894 1418 964 1463 cum
988 1399 1112 1480 lugubri
1136 1399 1318 1479 spectaculo.

485 1488 678 1569 Sponsorum
703 1488 762 1553 sub
787 1487 904 1552 insania
972 1488 1160 1554 infossantur
1182 1487 1336 1565 cadavera,

484 1577 560 1641 Tres
583 1577 771 1641 occultantur
793 1576 943 1658 conjuges
1010 1594 1065 1658 per
1086 1577 1213 1641 threnos
1236 1577 1450 1641 lamentabiles

487 1664 708 1731 Discendentes
730 1685 747 1729 a
771 1666 898 1730 tumulis
965 1666 997 1729 in
1021 1665 1197 1747 proiundiis
1223 1667 1365 1747 suspiriis

431 1776 472 1823 auo
487 1755 562 1819 Tres
584 1761 744 1819 susurrant
764 1754 803 1818 ad
829 1756 973 1819 invicem:
1042 1754 1230 1819 Occidamus
1255 1756 1440 1833 Unibovem,

487 1842 551 1918 Qui
575 1862 665 1925 gazas
689 1846 807 1907 nostras
829 1844 960 1923 sustulit,
1027 1844 1092 1907 suis
1115 1844 1217 1907 verbis
1240 1862 1299 1907 nos
1321 1843 1449 1921 tradidit,
1569 1867 1570 1930 p

488 1932 572 1996 Dum
596 1931 673 1995 dixit
693 1932 889 2013 juvenescere
956 1951 1035 1996 anus
1058 1933 1177 2013 mugitu
1202 1933 1341 1997 bucinae.

486 2022 601 2085 Auctor
623 2022 695 2084 tanti
720 2021 846 2103 periculi
914 2039 932 2084 a
956 2022 1048 2086 nobis
1070 2022 1167 2102 possit
1189 2023 1319 2101 conteri;

488 2110 561 2191 Ejus
584 2108 705 2174 invadat
728 2111 870 2174 verticem
938 2128 1041 2173 amara
1064 2128 1150 2175 mors
1172 2111 1361 2191 ignobilem‘.

432 2218 473 2265 aaa
488 2200 600 2264 Mentis
623 2200 770 2263 commoti
794 2199 940 2264 fluctibus
1006 2199 1045 2263 ad
1068 2218 1154 2264 arma
1176 2203 1303 2263 currunt
1326 2200 1470 2281 protinus,

486 2288 641 2353 Artificem
666 2288 815 2352 versutiae
883 2288 1013 2353 occisuri
1037 2287 1210 2353 durissime.

486 2377 644 2443 Calliditas
669 2378 824 2442 Unlbovis
892 2378 982 2458 plena
1006 2376 1110 2441 multis
1132 2378 1264 2458 ingeniis

486 2467 647 2549 Superavit
668 2466 839 2548 jactantiam
907 2466 999 2530 trium
1027 2466 1165 2531 virorum
1189 2466 1348 2533 fervidam.

486 2557 535 2620 Ad
559 2575 634 2622 suos
657 2557 751 2620 currit
775 2557 908 2635 Unibos,
980 2555 1140 2637 quondam
1165 2574 1289 2638 pauper,
1312 2556 1464 2635 denarios;

433 2663 473 2709 aro
489 2646 622 2709 Massam
646 2645 686 2708 de
709 2645 846 2708 nummis
868 2645 984 2726 accipit,
1051 2649 1185 2709 armatos
1208 2647 1311 2710 hostes
1334 2646 1451 2727 decipit

489 2735 606 2816 Equam
629 2735 719 2798 trabit
742 2735 781 2797 de
803 2735 934 2813 stabulo,
1002 2733 1131 2797 caudam
1155 2735 1233 2798 levat
1256 2735 1326 2816 plus
1350 2737 1446 2812 solito,

487 2825 520 2888 ln
545 2829 668 2888 naturae
691 2823 842 2888 toramine
910 2840 1058 2887 nummos
1079 2827 1171 2887 certat
1193 2824 1384 2904 immergere.

489 2915 520 2978 ln
545 2913 650 2978 medio
673 2913 799 2994 tugurio
867 2931 965 2992 equae
988 2912 1138 2977 formatur
1160 2913 1248 2977 statio

487 3004 625 3083 Moxque
647 3003 787 3083 jumento
810 3001 977 3065 candidum
1045 3002 1190 3083 expandit
1213 3020 1310 3065 unum
1334 3003 1468 3066 linteum.

433 3109 473 3155 au
490 3093 522 3154 ln
546 3091 667 3156 foribus
690 3092 804 3174 tugurii
871 3092 985 3156 adsunt
1007 3096 1067 3157 tres
1088 3091 1261 3156 adversarii.

489 3181 573 3242 Dum
598 3180 753 3244 minantur
781 3181 968 3260 Unibovem,
1036 3199 1158 3244 causam
1186 3180 1292 3244 vident
1319 3180 1493 3244 mirabilem.

487 3269 562 3331 Tres
585 3272 664 3332 stant
688 3269 718 3331 in
742 3270 857 3334 domus
881 3270 987 3333 limine
1054 3270 1191 3333 volentes
1214 3269 1396 3333 interiiicere

489 3355 675 3435 Unibovem,
692 3358 746 3422 sed
764 3376 827 3422 non
844 3358 952 3437 valent,
1020 3357 1060 3422 de
1076 3377 1160 3422 novo
1175 3359 1254 3422 tacto
1277 3357 1352 3422 dum
1369 3362 1493 3440 stupent,

488 3445 691 3510 Observantis
714 3446 853 3510 officium
925 3446 1081 3512 Unlbovis
1102 3451 1295 3528 argenteum:

433 3551 474 3599 am
490 3533 554 3609 Qui
565 3539 663 3598 costas
674 3553 771 3615 equae
783 3535 858 3599 dum
872 3537 965 3615 fricat,
1001 3540 1119 3617 partum
1133 3554 1334 3600 nummorum
1346 3539 1496 3618 provocat

489 3623 675 3688 Exclamant:
692 3622 787 3701 ,Quid
804 3629 856 3702 est,
875 3625 1007 3703 Unibos,
1065 3624 1151 3705 quod
1166 3625 1338 3705 iumentum
1355 3625 1496 3689 denarios

488 3713 600 3794 Aperte
622 3712 677 3775 tibi
701 3713 850 3794 parturit?
919 3714 1030 3778 Miram
1054 3733 1176 3778 oausam
1201 3715 1294 3779 nobis
1316 3716 1410 3796 parit‘.

488 3800 586 3866 Caute
610 3801 768 3882 respondit
793 3802 932 3868 Unibos:
1001 3802 1126 3881 ,Videtis
1149 3804 1208 3867 bos
1230 3802 1396 3868 denarios?

490 3890 603 3954 Fundit
625 3907 772 3954 nummos
796 3891 890 3971 hujus
912 3908 1009 3970 equae
1076 3897 1181 3956 venter
1204 3910 1261 3973 pro
1284 3892 1337 3956 vili
1360 3896 1496 3958 stercore

433 3995 474 4042 aas
492 3979 550 4043 Per
573 3983 677 4042 noctes
699 3997 778 4060 equa
800 3977 938 4059 singulas
1004 3980 1079 4044 tales
1099 3981 1187 4060 iactat
1210 3981 1367 4061 pecunias,

489 4068 558 4150 Ops
583 4068 687 4148 regina
711 4069 857 4149 pecuniae
925 4067 974 4129 ani
998 4068 1084 4133 sedet
1105 4069 1264 4133 foramine.

490 4158 624 4239 Repente
647 4157 720 4222 visis
742 4157 861 4236 talibus,
929 4154 1041 4220 auditis
1057 4157 1106 4220 his
1127 4158 1332 4236 sermonibus,

490 4249 603 4312 Hostes
626 4247 701 4310 iram
726 4247 861 4322 reiciunt,
931 4242 1070 4306 Unibovi
1092 4245 1137 4305 sic
1159 4245 1317 4319 inquiunt:
