3525 5025
666 531 891 591 ..47-

253 704 372 769 familias
401 709 618 784 argumentum
649 703 794 782 invenire,
825 703 989 784 quomodo
1021 709 1125 785 posset
1153 721 1187 767 se
1215 704 1314 768 iacere

254 794 439 857 innocentem
462 793 502 856 ab
527 792 575 855 his
596 811 658 873 que
672 798 847 875 patraverat.
883 794 921 856 Et
935 793 1084 856 clamabat
1103 810 1178 858 voce
1202 810 1313 873 magna

206 900 229 945 u
253 882 357 960 dicens,
379 900 438 947 suo
456 882 565 945 marito
580 881 735 947 audiente:
760 882 897 947 Domine
913 882 990 945 deus
1005 881 1142 958 sabaotb,
1157 883 1183 945 si
1200 881 1313 946 videris

253 971 441 1035 afflictionem
463 970 574 1035 ancille
595 975 647 1034 tue
670 975 698 1033 et
720 972 890 1052 respexeris
906 971 1140 1035 imbecillitatem
1165 989 1263 1035 meam
1285 975 1315 1035 et

252 1060 449 1124 innocentiam
474 1077 602 1141 operum
620 1078 771 1138 meomm,
795 1065 824 1124 et
838 1060 1001 1140 quomodo
1016 1064 1103 1140 capta
1118 1078 1188 1124 sum
1211 1078 1231 1123 a
1244 1060 1313 1125 viro

253 1167 316 1212 meo
337 1150 453 1229 absque
469 1148 566 1229 culpa,
589 1148 717 1213 domine
733 1149 819 1229 deus,
843 1150 966 1213 restitue
982 1149 1057 1213 mihi
1081 1167 1190 1213 nasum
1208 1167 1311 1213 meum

252 1242 278 1300 et
308 1239 434 1302 ostende
470 1237 563 1302 hodie
597 1256 655 1319 pro
690 1238 798 1302 ancilla
832 1242 883 1301 tua
918 1239 1109 1303 miraculum.
1156 1239 1193 1301 lit
1222 1237 1312 1302 dilata

208 1343 230 1388 u
253 1345 362 1407 pamm,
392 1328 473 1409 cepit
502 1328 631 1391 clamare
662 1331 767 1391 contra
798 1327 899 1391 virum
930 1346 1021 1391 suum
1050 1327 1170 1391 dicens:
1204 1327 1312 1407 Surge,

251 1417 376 1497 maligne
398 1421 428 1481 et
450 1416 552 1498 impie,
576 1420 605 1479 ct
619 1416 780 1481 considera
795 1416 946 1480 mirabilia
968 1415 1018 1481 dei
1034 1435 1096 1496 que
1111 1420 1255 1498 operatus
1269 1420 1314 1480 est

251 1523 316 1585 erga
339 1525 395 1585 me,
419 1506 586 1586 respiciens
608 1506 815 1569 innocentiam
833 1524 932 1569 meam
949 1509 979 1568 et
996 1504 1105 1570 volens
1120 1504 1313 1569 manifestare

252 1594 426 1675 impietatem
443 1599 541 1669 tuam;
565 1613 634 1659 ecce
657 1595 785 1658 restituit
807 1595 882 1658 milri
907 1612 1016 1659 nasum
1041 1612 1145 1657 meum
1168 1600 1203 1657 ut
1217 1594 1312 1676 prius.

252 1683 284 1745 Et
303 1684 430 1747 audiens
454 1684 515 1747 hoc
536 1684 591 1761 vir,
614 1685 742 1747 miratus
765 1689 809 1748 est
832 1685 911 1748 intra
932 1701 967 1748 se
989 1683 1108 1747 dicens:
1139 1682 1312 1758 Quomodo

208 1787 230 1832 u
252 1777 341 1851 potest
364 1774 424 1837 hoc
447 1774 535 1836 esse?
582 1773 618 1835 Et
639 1790 768 1837 accenso
791 1773 977 1838 candelabro
1000 1772 1176 1836 festinanter
1197 1772 1252 1835 ivit
1272 1771 1313 1835 ad

251 1860 334 1926 illam.
380 1862 445 1936 Qui
473 1879 543 1925 cum
575 1862 691 1925 videret
721 1880 829 1926 nasum
861 1880 953 1926 suum
986 1861 1148 1942 integrum,
1182 1861 1314 1926 absolvit

251 1967 351 2015 cama
374 1951 540 2031 ligamento
563 1969 635 2029 suo,
667 1956 696 2014 et
725 1952 909 2033 supplicavit
939 1955 973 2015 ut
1002 1954 1136 2032 parceret
1165 1951 1207 2029 ei,
1240 1968 1311 2015 cum

252 2038 350 2118 inique
372 2040 484 2120 egisset
499 2045 604 2103 contra
620 2040 726 2122 ipsam,
750 2046 780 2104 et
801 2040 964 2106 confessus
978 2044 1023 2103 est
1038 2043 1195 2122 peccatum
1219 2057 1311 2103 sunm

251 2128 284 2189 ad
305 2129 407 2207 deum,
431 2135 538 2209 petens
560 2130 589 2192 ei
606 2129 847 2193 misericordiam
864 2134 893 2193 et
908 2129 1131 2193 remissionem.
1167 2128 1312 2209 Cumque

208 2229 229 2273 s
251 2218 374 2281 venisset
387 2236 467 2281 uxor
479 2218 701 2283 barbitonsoris
711 2219 751 2281 ad
764 2218 893 2283 domum
906 2236 1003 2295 suam,
1019 2218 1162 2299 cogitavit
1176 2218 1314 2281 invenire

250 2311 421 2385 argumenta
448 2307 610 2387 quomodo
638 2312 741 2388 posset
771 2307 900 2371 evadere
927 2307 967 2370 de
994 2307 1062 2371 viro
1091 2324 1151 2371 suo
1174 2307 1214 2370 de
1237 2324 1312 2371 naso

252 2396 298 2473 qui
331 2397 389 2460 sibi
424 2399 490 2459 erat
519 2401 700 2478 amputatus.
756 2397 903 2461 Diluculo
933 2415 1007 2460 vero
1040 2400 1203 2478 antequam
1235 2400 1313 2460 esset

251 2500 360 2566 aurora,
382 2486 515 2550 surrexit
537 2486 583 2549 vir
605 2486 672 2550 eius
694 2486 801 2551 dicens
823 2486 864 2550 ei:
890 2486 994 2550 Presta
1014 2485 1089 2550 mihi
1113 2485 1313 2550 instmmenta

252 2575 322 2654 artis,
346 2577 447 2640 habeo
470 2576 553 2639 enim
578 2577 698 2657 operari
722 2576 816 2640 hodie
843 2577 875 2639 in
899 2594 971 2640 cura
999 2575 1159 2639 cuiusdam
1189 2575 1312 2641 nobilis.

210 2674 241 2721 m
254 2661 285 2724 Et
305 2682 456 2745 exurgens
480 2665 530 2728 illa
557 2666 615 2728 sibi
644 2666 779 2747 porrexit
802 2665 997 2730 novaculum.
1043 2664 1103 2730 Cui
1133 2665 1191 2728 vir:
1222 2663 1312 2743 Volo,

253 2751 380 2833 inquam,
414 2754 521 2817 omnia
555 2754 763 2818 instrumenta.
815 2755 855 2817 At
889 2754 940 2817 illa
975 2754 1084 2818 iterum
1119 2753 1255 2835 porrexit
1284 2753 1311 2817 ei

252 2844 437 2906 novaculum.
485 2844 521 2906 Et
542 2844 686 2910 excitatus
708 2843 739 2906 in
769 2844 844 2906 iram
868 2842 996 2924 proiecit
1025 2844 1175 2907 rasorium
1206 2860 1313 2906 versus

252 2928 334 2997 illam.
379 2932 420 2995 At
442 2932 494 2996 illa
516 2933 596 3013 cepit
625 2933 754 2996 clamare
777 2931 928 2998 dolendo:
957 2933 1003 2996 Ve
1026 2932 1102 2995 milri
1126 2949 1244 3009 nasum,
1274 2949 1312 2994 ve

252 3019 319 3082 milri
348 3023 474 3085 nasum!
523 3021 582 3084 Die
611 3026 712 3085 autem
740 3022 823 3100 tacta,
863 3025 1075 3086 convenerunt
1104 3021 1177 3085 iiiuc
1203 3038 1313 3084 omnes

211 3105 349 3173 rutratres
372 3115 401 3174 et
423 3111 645 3191 consanguinei
670 3111 814 3190 mulieris,
842 3115 872 3174 et
894 3110 1054 3190 conquesti
1077 3110 1117 3173 de
1140 3110 1249 3175 marito
1271 3108 1311 3173 ad

252 3202 429 3277 potestatem,
465 3199 535 3262 iecit
563 3200 665 3280 ipsum
696 3200 771 3281 capi,
806 3203 835 3264 et
864 3200 1047 3264 constitutus
1076 3218 1179 3263 coram
1211 3198 1312 3263 iudice

253 3283 445 3368 interrogatus
461 3293 506 3352 est
520 3306 614 3370 super
629 3289 697 3366 hoc,
720 3307 816 3369 quare
831 3289 941 3353 iecerat
956 3289 1032 3352 illud
1048 3293 1078 3352 et
1097 3307 1167 3352 cum
1185 3288 1313 3352 nesciret

253 3378 430 3455 respondere
452 3378 592 3457 verbum,
617 3378 702 3442 iussit
726 3377 818 3442 iudex
843 3395 915 3441 eum
940 3378 1026 3458 ligari
1050 3382 1079 3442 et
1102 3377 1239 3458 fustigari
1256 3396 1313 3459 per

253 3462 401 3530 civitatem.
450 3468 520 3548 lpso
543 3485 616 3530 vero
641 3466 733 3548 ligato
757 3472 791 3531 ut
813 3467 1016 3548 fustigaretur,
1045 3485 1114 3531 ecce
1136 3468 1312 3549 supervenit

211 3563 242 3609 no
254 3550 391 3619 heremita
413 3560 443 3619 et
466 3556 597 3636 quesivit
618 3574 637 3619 a
663 3557 785 3638 populo
813 3574 909 3637 quare
932 3556 1042 3637 ligatus
1065 3560 1144 3620 esset
1171 3557 1230 3619 ille.
1277 3558 1312 3620 Et

253 3639 388 3708 heremita
411 3645 522 3708 videns
543 3645 644 3709 turem
667 3663 758 3711 suum
784 3647 861 3709 inter
884 3649 1000 3710 ceteros
1015 3649 1143 3709 stantem
1160 3663 1230 3710 cum
1246 3646 1311 3710 suis

252 3732 378 3797 vestibus
401 3733 554 3812 indutum,
577 3740 698 3816 accepta
721 3753 818 3812 causa,
842 3735 966 3798 accessit
980 3735 1019 3798 ad
1041 3735 1182 3812 iudicem,
1206 3734 1312 3799 dicens

253 3817 289 3881 ei:
311 3821 457 3901 Obsecro,
481 3823 609 3886 domine
625 3823 725 3903 iudex,
750 3842 945 3904 nequaquam
969 3824 1206 3906 sophisticentur
1227 3825 1311 3906 apud

254 3908 279 3968 te
303 3913 400 3975 verba
453 3912 559 3977 Vestes
585 3917 685 3976 autem
719 3931 796 3994 quas
825 3914 877 3976 tur
904 3913 1022 3977 iuratus
1048 3916 1101 3989 est,
1132 3929 1200 3976 mea
1227 3917 1312 3976 crant

212 3998 430 4064 utvesnmema.
476 4000 590 4065 Nonne
614 4001 688 4066 hirci
716 4003 781 4067 duo
810 4002 1025 4066 interfecerunt
1050 4003 1175 4083 vulpem
1199 4019 1312 4066 eorun-

254 4082 317 4182 dem
339 4090 521 4171 sanguinem
544 4091 716 4155 sitientem?
746 4109 850 4156 nonne
873 4095 904 4153 et
926 4091 977 4154 illa
999 4091 1110 4155 mulier
1132 4091 1259 4172 pulvere
1278 4109 1311 4155 se

255 4177 391 4242 interiecit
414 4179 594 4243 mortitero?
625 4198 682 4244 nec
711 4179 878 4262 amputavit
902 4180 1098 4244 barbitonsor
1123 4197 1231 4243 nasum
1255 4197 1313 4244 sue

256 4267 372 4330 uxoris?
407 4269 443 4331 fit
465 4269 668 4350 interrogatus
690 4288 708 4332 a
732 4269 833 4332 iudice
855 4268 914 4332 sibi
937 4273 1036 4332 totum
1060 4267 1210 4349 exposuit
