<?xml version="1.0" encoding="UTF-8"?>
<!DOCTYPE html PUBLIC "-//W3C//DTD XHTML 1.0 Transitional//EN"
    "http://www.w3.org/TR/xhtml1/DTD/xhtml1-transitional.dtd">
<html xmlns="http://www.w3.org/1999/xhtml" xml:lang="en" lang="en">
 <head>
  <title>
</title>
<meta http-equiv="Content-Type" content="text/html;charset=utf-8" />
  <meta name='ocr-system' content='tesseract 3.04.00' />
  <meta name='ocr-capabilities' content='ocr_page ocr_carea ocr_par ocr_line ocrx_word'/>
</head>
<body>
  <div class='ocr_page' id='page_1' title='image "./probenderlatein00ulrigoog_0105.png"; bbox 0 0 3525 5025; ppageno 0'>
   <div class='ocr_carea' id='block_1_1' title="bbox 865 507 1081 564">
    <p class='ocr_par' dir='ltr' id='par_1_1' title="bbox 865 507 1081 564">
     <span class='ocr_line' id='line_1_1' title="bbox 865 507 1081 564; baseline 0 -19"><span class='ocrx_word' id='word_1_1' title='bbox 865 507 1081 564; x_wconf 67' lang='grc'>-94,</span> 
     </span>
    </p>
   </div>
   <div class='ocr_carea' id='block_1_2' title="bbox 379 676 1507 4138">
    <p class='ocr_par' dir='ltr' id='par_1_2' title="bbox 379 676 1507 4138">
     <span class='ocr_line' id='line_1_2' title="bbox 441 676 1499 760; baseline -0.005 -17"><span class='ocrx_word' id='word_1_2' title='bbox 441 678 576 760; x_wconf 88' lang='lat' dir='ltr'>proiecit,</span> <span class='ocrx_word' id='word_1_3' title='bbox 601 682 634 742; x_wconf 91' lang='lat' dir='ltr'>ut</span> <span class='ocrx_word' id='word_1_4' title='bbox 649 676 853 741; x_wconf 83' lang='lat' dir='ltr'>reuiuisceret</span> <span class='ocrx_word' id='word_1_5' title='bbox 877 678 1014 743; x_wconf 87' lang='lat' dir='ltr'>Occulos</span> <span class='ocrx_word' id='word_1_6' title='bbox 1029 678 1169 760; x_wconf 80' lang='lat' dir='ltr'>apperuit</span> <span class='ocrx_word' id='word_1_7' title='bbox 1184 682 1213 741; x_wconf 87' lang='lat' dir='ltr'>et</span> <span class='ocrx_word' id='word_1_8' title='bbox 1228 677 1317 742; x_wconf 91' lang='lat' dir='ltr'>dixit:</span> <span class='ocrx_word' id='word_1_9' title='bbox 1343 676 1499 744; x_wconf 76' lang='lat' dir='ltr'>„Celeriter</span> 
     </span>
     <span class='ocr_line' id='line_1_3' title="bbox 442 766 1500 848; baseline -0.004 -17"><span class='ocrx_word' id='word_1_10' title='bbox 442 767 534 831; x_wconf 86' lang='lat' dir='ltr'>michi</span> <span class='ocrx_word' id='word_1_11' title='bbox 557 767 746 831; x_wconf 79' lang='lat' dir='ltr'><strong>sacerdotem</strong></span> <span class='ocrx_word' id='word_1_12' title='bbox 769 767 902 846; x_wconf 90' lang='lat' dir='ltr'>querite!</span> <span class='ocrx_word' id='word_1_13' title='bbox 940 768 1015 831; x_wconf 80' lang='lat' dir='ltr'>Ecce</span> <span class='ocrx_word' id='word_1_14' title='bbox 1038 768 1155 831; x_wconf 92' lang='lat' dir='ltr'>morior</span> <span class='ocrx_word' id='word_1_15' title='bbox 1178 772 1305 848; x_wconf 75' lang='lat' dir='ltr'>propter</span> <span class='ocrx_word' id='word_1_16' title='bbox 1327 766 1500 847; x_wconf 84' lang='lat' dir='ltr'>sanguinem</span> 
     </span>
     <span class='ocr_line' id='line_1_4' title="bbox 441 855 1502 936; baseline -0.005 -15"><span class='ocrx_word' id='word_1_17' title='bbox 441 856 575 921; x_wconf 86' lang='lat' dir='ltr'>etlusum</span> <span class='ocrx_word' id='word_1_18' title='bbox 599 857 639 919; x_wconf 89' lang='lat' dir='ltr'>de</span> <span class='ocrx_word' id='word_1_19' title='bbox 661 855 759 936; x_wconf 92' lang='lat' dir='ltr'>digito</span> <span class='ocrx_word' id='word_1_20' title='bbox 782 856 888 920; x_wconf 86' lang='lat' dir='ltr'>vxoris</span> <span class='ocrx_word' id='word_1_21' title='bbox 911 858 1013 919; x_wconf 73' lang='lat' dir='ltr'>mee!t</span> <span class='ocrx_word' id='word_1_22' title='bbox 1051 855 1168 919; x_wconf 77' lang='lat' dir='ltr'>famuli</span> <span class='ocrx_word' id='word_1_23' title='bbox 1193 856 1253 920; x_wconf 92' lang='lat' dir='ltr'>hoc</span> <span class='ocrx_word' id='word_1_24' title='bbox 1277 856 1416 924; x_wconf 88' lang='lat' dir='ltr'>videntes</span> <span class='ocrx_word' id='word_1_25' title='bbox 1430 871 1502 918; x_wconf 88' lang='lat' dir='ltr'>vnus</span> 
     </span>
     <span class='ocr_line' id='line_1_5' title="bbox 441 944 1502 1026; baseline -0.005 -17"><span class='ocrx_word' id='word_1_26' title='bbox 441 950 511 1026; x_wconf 90' lang='lat' dir='ltr'>post</span> <span class='ocrx_word' id='word_1_27' title='bbox 532 945 627 1009; x_wconf 90' lang='lat' dir='ltr'>aliurn</span> <span class='ocrx_word' id='word_1_28' title='bbox 654 944 693 1009; x_wconf 92' lang='lat' dir='ltr'>ad</span> <span class='ocrx_word' id='word_1_29' title='bbox 723 944 880 1009; x_wconf 87' lang='lat' dir='ltr'>ecclesiam</span> <span class='ocrx_word' id='word_1_30' title='bbox 911 945 1045 1008; x_wconf 86' lang='lat' dir='ltr'>cucurrit</span> <span class='ocrx_word' id='word_1_31' title='bbox 1075 963 1132 1025; x_wconf 92' lang='lat' dir='ltr'>pro</span> <span class='ocrx_word' id='word_1_32' title='bbox 1155 944 1320 1024; x_wconf 81' lang='lat' dir='ltr'>sacerdote,</span> <span class='ocrx_word' id='word_1_33' title='bbox 1351 950 1384 1010; x_wconf 89' lang='lat' dir='ltr'>vt</span> <span class='ocrx_word' id='word_1_34' title='bbox 1405 960 1502 1008; x_wconf 90' lang='lat' dir='ltr'>secum</span> 
     </span>
     <span class='ocr_line' id='line_1_6' title="bbox 379 1032 1503 1116; baseline -0.004 -19"><span class='ocrx_word' id='word_1_35' title='bbox 379 1048 433 1097; x_wconf 82' lang='lat' dir='ltr'>uro</span> <span class='ocrx_word' id='word_1_36' title='bbox 441 1052 556 1116; x_wconf 85' lang='lat' dir='ltr'>corpus</span> <span class='ocrx_word' id='word_1_37' title='bbox 578 1034 692 1099; x_wconf 79' lang='lat' dir='ltr'>Christi</span> <span class='ocrx_word' id='word_1_38' title='bbox 717 1038 862 1115; x_wconf 75' lang='lat' dir='ltr'>portaret,</span> <span class='ocrx_word' id='word_1_39' title='bbox 893 1033 947 1097; x_wconf 89' lang='lat' dir='ltr'>sed</span> <span class='ocrx_word' id='word_1_40' title='bbox 971 1052 1040 1098; x_wconf 90' lang='lat' dir='ltr'>ecce</span> <span class='ocrx_word' id='word_1_41' title='bbox 1069 1037 1184 1098; x_wconf 85' lang='lat' dir='ltr'>tantmn</span> <span class='ocrx_word' id='word_1_42' title='bbox 1216 1033 1357 1098; x_wconf 89' lang='lat' dir='ltr'>dolorem</span> <span class='ocrx_word' id='word_1_43' title='bbox 1388 1032 1503 1113; x_wconf 75' lang='lat' dir='ltr'>accepit</span> 
     </span>
     <span class='ocr_line' id='line_1_7' title="bbox 441 1121 1505 1205; baseline -0.006 -18"><span class='ocrx_word' id='word_1_44' title='bbox 441 1123 537 1205; x_wconf 88' lang='lat' dir='ltr'>quod,</span> <span class='ocrx_word' id='word_1_45' title='bbox 560 1127 723 1204; x_wconf 83' lang='lat' dir='ltr'>antequam</span> <span class='ocrx_word' id='word_1_46' title='bbox 746 1122 891 1187; x_wconf 82' lang='lat' dir='ltr'>sacerdos</span> <span class='ocrx_word' id='word_1_47' title='bbox 914 1123 1003 1200; x_wconf 93' lang='lat' dir='ltr'>venit,</span> <span class='ocrx_word' id='word_1_48' title='bbox 1028 1123 1128 1186; x_wconf 83' lang='lat' dir='ltr'>emisit</span> <span class='ocrx_word' id='word_1_49' title='bbox 1150 1123 1302 1204; x_wconf 91' lang='lat' dir='ltr'>spiritum.</span> <span class='ocrx_word' id='word_1_50' title='bbox 1351 1124 1401 1187; x_wconf 91' lang='lat' dir='ltr'>De</span> <span class='ocrx_word' id='word_1_51' title='bbox 1424 1121 1505 1185; x_wconf 88' lang='lat' dir='ltr'>cuius</span> 
     </span>
     <span class='ocr_line' id='line_1_8' title="bbox 443 1212 1505 1293; baseline -0.002 -18"><span class='ocrx_word' id='word_1_52' title='bbox 443 1218 541 1277; x_wconf 90' lang='lat' dir='ltr'>morte</span> <span class='ocrx_word' id='word_1_53' title='bbox 561 1212 657 1276; x_wconf 89' lang='lat' dir='ltr'>lactus</span> <span class='ocrx_word' id='word_1_54' title='bbox 678 1216 724 1276; x_wconf 94' lang='lat' dir='ltr'>est</span> <span class='ocrx_word' id='word_1_55' title='bbox 746 1212 885 1293; x_wconf 89' lang='lat' dir='ltr'>planctus</span> <span class='ocrx_word' id='word_1_56' title='bbox 901 1229 1033 1293; x_wconf 87' lang='lat' dir='ltr'>magnus</span> <span class='ocrx_word' id='word_1_57' title='bbox 1056 1212 1087 1275; x_wconf 90' lang='lat' dir='ltr'>in</span> <span class='ocrx_word' id='word_1_58' title='bbox 1111 1212 1239 1275; x_wconf 89' lang='lat' dir='ltr'>ciuitate.</span> <span class='ocrx_word' id='word_1_59' title='bbox 1276 1212 1413 1277; x_wconf 90' lang='lat' dir='ltr'>Domina</span> <span class='ocrx_word' id='word_1_60' title='bbox 1428 1227 1505 1285; x_wconf 90' lang='lat' dir='ltr'>vero,</span> 
     </span>
     <span class='ocr_line' id='line_1_9' title="bbox 442 1299 1506 1383; baseline -0.005 -18"><span class='ocrx_word' id='word_1_61' title='bbox 442 1302 518 1365; x_wconf 88' lang='lat' dir='ltr'>vltra</span> <span class='ocrx_word' id='word_1_62' title='bbox 540 1318 634 1383; x_wconf 89' lang='lat' dir='ltr'>quam</span> <span class='ocrx_word' id='word_1_63' title='bbox 661 1299 744 1365; x_wconf 91' lang='lat' dir='ltr'>credi</span> <span class='ocrx_word' id='word_1_64' title='bbox 773 1306 879 1381; x_wconf 90' lang='lat' dir='ltr'>potest,</span> <span class='ocrx_word' id='word_1_65' title='bbox 910 1301 1043 1381; x_wconf 81' lang='lat' dir='ltr'>gemitus</span> <span class='ocrx_word' id='word_1_66' title='bbox 1065 1304 1094 1363; x_wconf 89' lang='lat' dir='ltr'>et</span> <span class='ocrx_word' id='word_1_67' title='bbox 1121 1301 1254 1381; x_wconf 88' lang='lat' dir='ltr'>suspiria</span> <span class='ocrx_word' id='word_1_68' title='bbox 1276 1302 1433 1365; x_wconf 84' lang='lat' dir='ltr'>emittebat</span> <span class='ocrx_word' id='word_1_69' title='bbox 1455 1316 1506 1361; x_wconf 91' lang='lat' dir='ltr'>nec</span> 
     </span>
     <span class='ocr_line' id='line_1_10' title="bbox 441 1388 1503 1469; baseline -0.008 -14"><span class='ocrx_word' id='word_1_70' title='bbox 441 1389 594 1455; x_wconf 88' lang='lat' dir='ltr'>consolari</span> <span class='ocrx_word' id='word_1_71' title='bbox 617 1390 746 1466; x_wconf 87' lang='lat' dir='ltr'>volebat,</span> <span class='ocrx_word' id='word_1_72' title='bbox 774 1389 829 1453; x_wconf 87' lang='lat' dir='ltr'>sed</span> <span class='ocrx_word' id='word_1_73' title='bbox 852 1388 975 1453; x_wconf 87' lang='lat' dir='ltr'>cottidie</span> <span class='ocrx_word' id='word_1_74' title='bbox 998 1390 1158 1453; x_wconf 87' lang='lat' dir='ltr'>clamabat:</span> <span class='ocrx_word' id='word_1_75' title='bbox 1191 1390 1282 1455; x_wconf 72' lang='lat' dir='ltr'>„lieu</span> <span class='ocrx_word' id='word_1_76' title='bbox 1307 1390 1410 1469; x_wconf 90' lang='lat' dir='ltr'>michi,</span> <span class='ocrx_word' id='word_1_77' title='bbox 1434 1388 1503 1451; x_wconf 89' lang='lat' dir='ltr'>heu!</span> 
     </span>
     <span class='ocr_line' id='line_1_11' title="bbox 379 1477 1503 1561; baseline -0.004 -20"><span class='ocrx_word' id='word_1_78' title='bbox 379 1480 509 1561; x_wconf 83' lang='lat' dir='ltr'>rouuquit</span> <span class='ocrx_word' id='word_1_79' title='bbox 530 1478 638 1543; x_wconf 80' lang='lat' dir='ltr'>iaciant</span> <span class='ocrx_word' id='word_1_80' title='bbox 662 1480 743 1560; x_wconf 87' lang='lat' dir='ltr'>ego?</span> <span class='ocrx_word' id='word_1_81' title='bbox 790 1480 857 1559; x_wconf 84' lang='lat' dir='ltr'>Ego</span> <span class='ocrx_word' id='word_1_82' title='bbox 880 1478 958 1542; x_wconf 88' lang='lat' dir='ltr'>sicut</span> <span class='ocrx_word' id='word_1_83' title='bbox 980 1484 1079 1541; x_wconf 90' lang='lat' dir='ltr'>turtur</span> <span class='ocrx_word' id='word_1_84' title='bbox 1101 1478 1141 1541; x_wconf 92' lang='lat' dir='ltr'>de</span> <span class='ocrx_word' id='word_1_85' title='bbox 1163 1483 1264 1543; x_wconf 90' lang='lat' dir='ltr'>cetero</span> <span class='ocrx_word' id='word_1_86' title='bbox 1288 1481 1377 1543; x_wconf 69' lang='lat' dir='ltr'>erolt</span> <span class='ocrx_word' id='word_1_87' title='bbox 1428 1477 1503 1541; x_wconf 89' lang='lat' dir='ltr'>Cum</span> 
     </span>
     <span class='ocr_line' id='line_1_12' title="bbox 444 1566 1506 1649; baseline -0.006 -18"><span class='ocrx_word' id='word_1_88' title='bbox 444 1586 555 1649; x_wconf 85' lang='lat' dir='ltr'>magna</span> <span class='ocrx_word' id='word_1_89' title='bbox 576 1568 789 1649; x_wconf 81' lang='lat' dir='ltr'>solempnitate</span> <span class='ocrx_word' id='word_1_90' title='bbox 812 1586 883 1631; x_wconf 87' lang='lat' dir='ltr'>curn</span> <span class='ocrx_word' id='word_1_91' title='bbox 908 1568 1101 1649; x_wconf 88' lang='lat' dir='ltr'>sepelierunt</span> <span class='ocrx_word' id='word_1_92' title='bbox 1142 1568 1212 1649; x_wconf 89' lang='lat' dir='ltr'>ipso</span> <span class='ocrx_word' id='word_1_93' title='bbox 1236 1568 1359 1649; x_wconf 89' lang='lat' dir='ltr'>sepulto</span> <span class='ocrx_word' id='word_1_94' title='bbox 1382 1566 1506 1632; x_wconf 89' lang='lat' dir='ltr'>domina</span> 
     </span>
     <span class='ocr_line' id='line_1_13' title="bbox 442 1655 1504 1738; baseline -0.006 -18"><span class='ocrx_word' id='word_1_95' title='bbox 442 1676 565 1737; x_wconf 82' lang='lat' dir='ltr'>semper</span> <span class='ocrx_word' id='word_1_96' title='bbox 586 1674 681 1738; x_wconf 90' lang='lat' dir='ltr'>super</span> <span class='ocrx_word' id='word_1_97' title='bbox 701 1656 877 1738; x_wconf 89' lang='lat' dir='ltr'>sepulcrum</span> <span class='ocrx_word' id='word_1_98' title='bbox 901 1656 968 1719; x_wconf 92' lang='lat' dir='ltr'>eius</span> <span class='ocrx_word' id='word_1_99' title='bbox 991 1655 1107 1721; x_wconf 85' lang='lat' dir='ltr'>cecidit</span> <span class='ocrx_word' id='word_1_100' title='bbox 1152 1657 1252 1721; x_wconf 80' lang='lat' dir='ltr'>Amici</span> <span class='ocrx_word' id='word_1_101' title='bbox 1275 1657 1422 1721; x_wconf 90' lang='lat' dir='ltr'>volebant</span> <span class='ocrx_word' id='word_1_102' title='bbox 1443 1670 1504 1717; x_wconf 89' lang='lat' dir='ltr'>eam</span> 
     </span>
     <span class='ocr_line' id='line_1_14' title="bbox 443 1742 1505 1827; baseline -0.006 -18"><span class='ocrx_word' id='word_1_103' title='bbox 443 1764 629 1823; x_wconf 85' lang='lat' dir='ltr'>ammonere,</span> <span class='ocrx_word' id='word_1_104' title='bbox 661 1746 712 1809; x_wconf 87' lang='lat' dir='ltr'>iiia</span> <span class='ocrx_word' id='word_1_105' title='bbox 734 1764 808 1810; x_wconf 91' lang='lat' dir='ltr'>vero</span> <span class='ocrx_word' id='word_1_106' title='bbox 831 1751 937 1809; x_wconf 89' lang='lat' dir='ltr'>votum</span> <span class='ocrx_word' id='word_1_107' title='bbox 967 1745 1027 1809; x_wconf 90' lang='lat' dir='ltr'>deo</span> <span class='ocrx_word' id='word_1_108' title='bbox 1055 1745 1143 1809; x_wconf 93' lang='lat' dir='ltr'>uouit</span> <span class='ocrx_word' id='word_1_109' title='bbox 1165 1745 1252 1826; x_wconf 87' lang='lat' dir='ltr'>quod</span> <span class='ocrx_word' id='word_1_110' title='bbox 1281 1763 1441 1827; x_wconf 90' lang='lat' dir='ltr'>nunquam</span> <span class='ocrx_word' id='word_1_111' title='bbox 1471 1742 1505 1804; x_wconf 91' lang='lat' dir='ltr'>de</span> 
     </span>
     <span class='ocr_line' id='line_1_15' title="bbox 446 1834 1504 1917; baseline -0.004 -21"><span class='ocrx_word' id='word_1_112' title='bbox 446 1834 499 1899; x_wconf 93' lang='lat' dir='ltr'>illo</span> <span class='ocrx_word' id='word_1_113' title='bbox 530 1834 690 1912; x_wconf 81' lang='lat' dir='ltr'>recederet,</span> <span class='ocrx_word' id='word_1_114' title='bbox 720 1835 775 1897; x_wconf 91' lang='lat' dir='ltr'>sed</span> <span class='ocrx_word' id='word_1_115' title='bbox 808 1839 934 1916; x_wconf 90' lang='lat' dir='ltr'>propter</span> <span class='ocrx_word' id='word_1_116' title='bbox 963 1852 1099 1898; x_wconf 89' lang='lat' dir='ltr'>amorem</span> <span class='ocrx_word' id='word_1_117' title='bbox 1132 1834 1189 1897; x_wconf 89' lang='lat' dir='ltr'>viri</span> <span class='ocrx_word' id='word_1_118' title='bbox 1220 1835 1267 1898; x_wconf 91' lang='lat' dir='ltr'>sui</span> <span class='ocrx_word' id='word_1_119' title='bbox 1299 1835 1343 1900; x_wconf 93' lang='lat' dir='ltr'>ibi</span> <span class='ocrx_word' id='word_1_120' title='bbox 1371 1834 1504 1917; x_wconf 88' lang='lat' dir='ltr'>spiritum</span> 
     </span>
     <span class='ocr_line' id='line_1_16' title="bbox 381 1917 1503 2003; baseline -0.006 -16"><span class='ocrx_word' id='word_1_121' title='bbox 381 1924 598 1989; x_wconf 81' lang='lat' dir='ltr'>romemitteret</span> <span class='ocrx_word' id='word_1_122' title='bbox 646 1922 861 2003; x_wconf 86' lang='lat' dir='ltr'>Dixeruntque</span> <span class='ocrx_word' id='word_1_123' title='bbox 882 1923 986 1987; x_wconf 87' lang='lat' dir='ltr'>amici:</span> <span class='ocrx_word' id='word_1_124' title='bbox 1020 1923 1071 1989; x_wconf 78' lang='lat'>„0</span> <span class='ocrx_word' id='word_1_125' title='bbox 1094 1923 1222 1987; x_wconf 88' lang='lat' dir='ltr'>domina</span> <span class='ocrx_word' id='word_1_126' title='bbox 1245 1924 1412 2002; x_wconf 89' lang='lat' dir='ltr'>karissima,</span> <span class='ocrx_word' id='word_1_127' title='bbox 1435 1917 1503 2002; x_wconf 89' lang='lat' dir='ltr'>quid</span> 
     </span>
     <span class='ocr_line' id='line_1_17' title="bbox 445 2007 1504 2093; baseline -0.006 -18"><span class='ocrx_word' id='word_1_128' title='bbox 445 2012 570 2093; x_wconf 89' lang='lat' dir='ltr'>prodest</span> <span class='ocrx_word' id='word_1_129' title='bbox 591 2013 693 2076; x_wconf 89' lang='lat' dir='ltr'>anime</span> <span class='ocrx_word' id='word_1_130' title='bbox 708 2030 764 2076; x_wconf 89' lang='lat' dir='ltr'>sue</span> <span class='ocrx_word' id='word_1_131' title='bbox 787 2017 821 2075; x_wconf 92' lang='lat' dir='ltr'>ut</span> <span class='ocrx_word' id='word_1_132' title='bbox 844 2012 875 2075; x_wconf 93' lang='lat' dir='ltr'>in</span> <span class='ocrx_word' id='word_1_133' title='bbox 900 2013 958 2076; x_wconf 89' lang='lat' dir='ltr'>isto</span> <span class='ocrx_word' id='word_1_134' title='bbox 981 2012 1051 2076; x_wconf 93' lang='lat' dir='ltr'>loco</span> <span class='ocrx_word' id='word_1_135' title='bbox 1075 2014 1221 2076; x_wconf 87' lang='lat' dir='ltr'>maneas?</span> <span class='ocrx_word' id='word_1_136' title='bbox 1260 2014 1374 2077; x_wconf 83' lang='lat' dir='ltr'>illelius</span> <span class='ocrx_word' id='word_1_137' title='bbox 1396 2007 1504 2077; x_wconf 90' lang='lat' dir='ltr'>esttibi</span> 
     </span>
     <span class='ocr_line' id='line_1_18' title="bbox 444 2101 1503 2183; baseline -0.007 -16"><span class='ocrx_word' id='word_1_138' title='bbox 444 2104 574 2167; x_wconf 89' lang='lat' dir='ltr'>domum</span> <span class='ocrx_word' id='word_1_139' title='bbox 591 2119 727 2182; x_wconf 84' lang='lat' dir='ltr'>pergere,</span> <span class='ocrx_word' id='word_1_140' title='bbox 751 2102 849 2182; x_wconf 89' lang='lat' dir='ltr'>largas</span> <span class='ocrx_word' id='word_1_141' title='bbox 861 2101 1053 2183; x_wconf 88' lang='lat' dir='ltr'>elemosynas</span> <span class='ocrx_word' id='word_1_142' title='bbox 1069 2119 1126 2181; x_wconf 90' lang='lat' dir='ltr'>pro</span> <span class='ocrx_word' id='word_1_143' title='bbox 1142 2102 1244 2165; x_wconf 90' lang='lat' dir='ltr'>anima</span> <span class='ocrx_word' id='word_1_144' title='bbox 1260 2119 1316 2165; x_wconf 88' lang='lat' dir='ltr'>sua</span> <span class='ocrx_word' id='word_1_145' title='bbox 1332 2106 1503 2183; x_wconf 87' lang='lat' dir='ltr'>perpetrare,</span> 
     </span>
     <span class='ocr_line' id='line_1_19' title="bbox 445 2185 1503 2271; baseline -0.005 -18"><span class='ocrx_word' id='word_1_146' title='bbox 445 2209 537 2271; x_wconf 88' lang='lat' dir='ltr'>quam</span> <span class='ocrx_word' id='word_1_147' title='bbox 569 2191 601 2253; x_wconf 93' lang='lat' dir='ltr'>in</span> <span class='ocrx_word' id='word_1_148' title='bbox 636 2190 706 2254; x_wconf 90' lang='lat' dir='ltr'>loco</span> <span class='ocrx_word' id='word_1_149' title='bbox 737 2191 795 2254; x_wconf 89' lang='lat' dir='ltr'>isto</span> <span class='ocrx_word' id='word_1_150' title='bbox 829 2195 858 2253; x_wconf 90' lang='lat' dir='ltr'>te</span> <span class='ocrx_word' id='word_1_151' title='bbox 894 2190 990 2271; x_wconf 84' lang='lat' dir='ltr'>ipsam</span> <span class='ocrx_word' id='word_1_152' title='bbox 1026 2192 1243 2254; x_wconf 71' lang='lat' dir='ltr'>consumereit</span> <span class='ocrx_word' id='word_1_153' title='bbox 1291 2191 1331 2255; x_wconf 76' lang='lat' dir='ltr'>nt</span> <span class='ocrx_word' id='word_1_154' title='bbox 1360 2192 1423 2255; x_wconf 91' lang='lat' dir='ltr'>iila:</span> <span class='ocrx_word' id='word_1_155' title='bbox 1459 2185 1503 2253; x_wconf 65' lang='lat' dir='ltr'>„O</span> 
     </span>
     <span class='ocr_line' id='line_1_20' title="bbox 445 2274 1504 2361; baseline -0.008 -18"><span class='ocrx_word' id='word_1_156' title='bbox 445 2279 570 2361; x_wconf 86' lang='lat' dir='ltr'>pessimi</span> <span class='ocrx_word' id='word_1_157' title='bbox 593 2279 771 2343; x_wconf 88' lang='lat' dir='ltr'>consiliarii!</span> <span class='ocrx_word' id='word_1_158' title='bbox 808 2277 896 2343; x_wconf 81' lang='lat' dir='ltr'>Absit</span> <span class='ocrx_word' id='word_1_159' title='bbox 918 2279 1004 2360; x_wconf 90' lang='lat' dir='ltr'>quod</span> <span class='ocrx_word' id='word_1_160' title='bbox 1028 2279 1161 2343; x_wconf 91' lang='lat' dir='ltr'>deloco</span> <span class='ocrx_word' id='word_1_161' title='bbox 1185 2280 1243 2343; x_wconf 87' lang='lat' dir='ltr'>isio</span> <span class='ocrx_word' id='word_1_162' title='bbox 1267 2280 1416 2359; x_wconf 89' lang='lat' dir='ltr'>recedam,</span> <span class='ocrx_word' id='word_1_163' title='bbox 1439 2274 1504 2359; x_wconf 86' lang='lat' dir='ltr'>quia</span> 
     </span>
     <span class='ocr_line' id='line_1_21' title="bbox 382 2368 1504 2450; baseline -0.007 -17"><span class='ocrx_word' id='word_1_164' title='bbox 382 2387 436 2433; x_wconf 83' lang='lat' dir='ltr'>roso</span> <span class='ocrx_word' id='word_1_165' title='bbox 446 2387 503 2450; x_wconf 92' lang='lat' dir='ltr'>pro</span> <span class='ocrx_word' id='word_1_166' title='bbox 519 2369 585 2432; x_wconf 91' lang='lat' dir='ltr'>eius</span> <span class='ocrx_word' id='word_1_167' title='bbox 599 2387 705 2433; x_wconf 89' lang='lat' dir='ltr'>amore</span> <span class='ocrx_word' id='word_1_168' title='bbox 728 2368 778 2432; x_wconf 92' lang='lat' dir='ltr'>hic</span> <span class='ocrx_word' id='word_1_169' title='bbox 800 2369 874 2432; x_wconf 94' lang='lat' dir='ltr'>volo</span> <span class='ocrx_word' id='word_1_170' title='bbox 898 2369 986 2447; x_wconf 88' lang='lat' dir='ltr'>mori,</span> <span class='ocrx_word' id='word_1_171' title='bbox 1009 2368 1063 2448; x_wconf 91' lang='lat' dir='ltr'>qui</span> <span class='ocrx_word' id='word_1_172' title='bbox 1087 2386 1144 2449; x_wconf 94' lang='lat' dir='ltr'>pro</span> <span class='ocrx_word' id='word_1_173' title='bbox 1164 2386 1235 2433; x_wconf 88' lang='lat' dir='ltr'>meo</span> <span class='ocrx_word' id='word_1_174' title='bbox 1251 2387 1358 2432; x_wconf 89' lang='lat' dir='ltr'>amore</span> <span class='ocrx_word' id='word_1_175' title='bbox 1374 2372 1504 2433; x_wconf 91' lang='lat' dir='ltr'>mortuus</span> 
     </span>
     <span class='ocr_line' id='line_1_22' title="bbox 446 2456 1502 2541; baseline -0.004 -20"><span class='ocrx_word' id='word_1_176' title='bbox 446 2456 524 2522; x_wconf 77' lang='lat' dir='ltr'>estl‘¹</span> <span class='ocrx_word' id='word_1_177' title='bbox 561 2458 660 2522; x_wconf 75' lang='lat' dir='ltr'>Amici</span> <span class='ocrx_word' id='word_1_178' title='bbox 676 2457 743 2521; x_wconf 93' lang='lat' dir='ltr'>eius</span> <span class='ocrx_word' id='word_1_179' title='bbox 758 2456 897 2522; x_wconf 88' lang='lat' dir='ltr'>videntes</span> <span class='ocrx_word' id='word_1_180' title='bbox 920 2457 981 2522; x_wconf 93' lang='lat' dir='ltr'>hoc</span> <span class='ocrx_word' id='word_1_181' title='bbox 995 2458 1072 2522; x_wconf 90' lang='lat' dir='ltr'>vltra</span> <span class='ocrx_word' id='word_1_182' title='bbox 1094 2457 1270 2539; x_wconf 90' lang='lat' dir='ltr'>sepulcrum</span> <span class='ocrx_word' id='word_1_183' title='bbox 1295 2458 1362 2522; x_wconf 89' lang='lat' dir='ltr'>eius</span> <span class='ocrx_word' id='word_1_184' title='bbox 1386 2470 1502 2541; x_wconf 86' lang='lat' dir='ltr'>paruam</span> 
     </span>
     <span class='ocr_line' id='line_1_23' title="bbox 445 2543 1504 2629; baseline -0.008 -18"><span class='ocrx_word' id='word_1_185' title='bbox 445 2565 544 2612; x_wconf 88' lang='lat' dir='ltr'>casam</span> <span class='ocrx_word' id='word_1_186' title='bbox 569 2547 596 2610; x_wconf 96' lang='lat' dir='ltr'>ei</span> <span class='ocrx_word' id='word_1_187' title='bbox 619 2547 764 2624; x_wconf 88' lang='lat' dir='ltr'>lecerunt,</span> <span class='ocrx_word' id='word_1_188' title='bbox 796 2547 827 2609; x_wconf 95' lang='lat' dir='ltr'>in</span> <span class='ocrx_word' id='word_1_189' title='bbox 850 2565 913 2627; x_wconf 91' lang='lat' dir='ltr'>qua</span> <span class='ocrx_word' id='word_1_190' title='bbox 929 2547 1034 2611; x_wconf 93' lang='lat' dir='ltr'>omnia</span> <span class='ocrx_word' id='word_1_191' title='bbox 1057 2548 1225 2611; x_wconf 88' lang='lat' dir='ltr'>necessaria</span> <span class='ocrx_word' id='word_1_192' title='bbox 1248 2553 1430 2629; x_wconf 72' lang='lat' dir='ltr'>posuerunt,</span> <span class='ocrx_word' id='word_1_193' title='bbox 1460 2543 1504 2608; x_wconf 87' lang='lat' dir='ltr'>illa</span> 
     </span>
     <span class='ocr_line' id='line_1_24' title="bbox 445 2636 1504 2716; baseline -0.007 -16"><span class='ocrx_word' id='word_1_194' title='bbox 445 2636 489 2700; x_wconf 91' lang='lat' dir='ltr'>sic</span> <span class='ocrx_word' id='word_1_195' title='bbox 512 2636 629 2700; x_wconf 92' lang='lat' dir='ltr'>inclusa</span> <span class='ocrx_word' id='word_1_196' title='bbox 651 2641 847 2700; x_wconf 89' lang='lat' dir='ltr'>recesserunt.</span> <span class='ocrx_word' id='word_1_197' title='bbox 896 2637 965 2700; x_wconf 80' lang='lat' dir='ltr'>Erat</span> <span class='ocrx_word' id='word_1_198' title='bbox 994 2641 1066 2700; x_wconf 92' lang='lat' dir='ltr'>tunc</span> <span class='ocrx_word' id='word_1_199' title='bbox 1097 2637 1244 2716; x_wconf 89' lang='lat' dir='ltr'>temporis</span> <span class='ocrx_word' id='word_1_200' title='bbox 1275 2637 1323 2699; x_wconf 89' lang='lat' dir='ltr'>lex</span> <span class='ocrx_word' id='word_1_201' title='bbox 1357 2638 1388 2700; x_wconf 93' lang='lat' dir='ltr'>in</span> <span class='ocrx_word' id='word_1_202' title='bbox 1415 2648 1504 2715; x_wconf 90' lang='lat' dir='ltr'>regno</span> 
     </span>
     <span class='ocr_line' id='line_1_25' title="bbox 446 2721 1504 2806; baseline -0.007 -18"><span class='ocrx_word' id='word_1_203' title='bbox 446 2726 501 2790; x_wconf 92' lang='lat' dir='ltr'>iilo</span> <span class='ocrx_word' id='word_1_204' title='bbox 524 2725 619 2805; x_wconf 89' lang='lat' dir='ltr'>quod,</span> <span class='ocrx_word' id='word_1_205' title='bbox 643 2725 668 2788; x_wconf 95' lang='lat' dir='ltr'>si</span> <span class='ocrx_word' id='word_1_206' title='bbox 693 2725 769 2790; x_wconf 88' lang='lat' dir='ltr'>latro</span> <span class='ocrx_word' id='word_1_207' title='bbox 793 2730 871 2789; x_wconf 90' lang='lat' dir='ltr'>esset</span> <span class='ocrx_word' id='word_1_208' title='bbox 893 2730 1007 2806; x_wconf 78' lang='lat' dir='ltr'>raptus,</span> <span class='ocrx_word' id='word_1_209' title='bbox 1032 2726 1202 2789; x_wconf 88' lang='lat' dir='ltr'>vicecomes</span> <span class='ocrx_word' id='word_1_210' title='bbox 1226 2726 1321 2806; x_wconf 87' lang='lat' dir='ltr'>patrie</span> <span class='ocrx_word' id='word_1_211' title='bbox 1337 2744 1369 2790; x_wconf 90' lang='lat' dir='ltr'>se</span> <span class='ocrx_word' id='word_1_212' title='bbox 1385 2721 1504 2788; x_wconf 90' lang='lat' dir='ltr'>armaret</span> 
     </span>
     <span class='ocr_line' id='line_1_26' title="bbox 383 2810 1504 2896; baseline -0.005 -19"><span class='ocrx_word' id='word_1_213' title='bbox 383 2820 477 2878; x_wconf 84' lang='lat' dir='ltr'>rmoet</span> <span class='ocrx_word' id='word_1_214' title='bbox 499 2833 554 2896; x_wconf 86' lang='lat' dir='ltr'>per</span> <span class='ocrx_word' id='word_1_215' title='bbox 576 2818 669 2878; x_wconf 87' lang='lat' dir='ltr'>totam</span> <span class='ocrx_word' id='word_1_216' title='bbox 694 2819 814 2878; x_wconf 88' lang='lat' dir='ltr'>noctem</span> <span class='ocrx_word' id='word_1_217' title='bbox 830 2814 869 2876; x_wconf 89' lang='lat' dir='ltr'>ad</span> <span class='ocrx_word' id='word_1_218' title='bbox 886 2815 1122 2878; x_wconf 90' lang='lat' dir='ltr'>custodiendum</span> <span class='ocrx_word' id='word_1_219' title='bbox 1147 2813 1295 2878; x_wconf 89' lang='lat' dir='ltr'>iatronem</span> <span class='ocrx_word' id='word_1_220' title='bbox 1320 2815 1352 2877; x_wconf 94' lang='lat' dir='ltr'>in</span> <span class='ocrx_word' id='word_1_221' title='bbox 1376 2810 1504 2896; x_wconf 90' lang='lat' dir='ltr'>patibulo</span> 
     </span>
     <span class='ocr_line' id='line_1_27' title="bbox 448 2902 1503 2985; baseline -0.006 -18"><span class='ocrx_word' id='word_1_222' title='bbox 448 2905 478 2967; x_wconf 90' lang='lat' dir='ltr'>in</span> <span class='ocrx_word' id='word_1_223' title='bbox 503 2903 628 2985; x_wconf 91' lang='lat' dir='ltr'>propria</span> <span class='ocrx_word' id='word_1_224' title='bbox 651 2921 782 2985; x_wconf 89' lang='lat' dir='ltr'>persona</span> <span class='ocrx_word' id='word_1_225' title='bbox 805 2903 980 2967; x_wconf 91' lang='lat' dir='ltr'>custodiret.</span> <span class='ocrx_word' id='word_1_226' title='bbox 1025 2902 1057 2967; x_wconf 86' lang='lat' dir='ltr'>Si</span> <span class='ocrx_word' id='word_1_227' title='bbox 1082 2921 1155 2967; x_wconf 91' lang='lat' dir='ltr'>vero</span> <span class='ocrx_word' id='word_1_228' title='bbox 1184 2903 1260 2968; x_wconf 88' lang='lat' dir='ltr'>latro</span> <span class='ocrx_word' id='word_1_229' title='bbox 1283 2909 1363 2968; x_wconf 88' lang='lat' dir='ltr'>esset</span> <span class='ocrx_word' id='word_1_230' title='bbox 1387 2903 1503 2973; x_wconf 85' lang='lat' dir='ltr'>ablatus,</span> 
     </span>
     <span class='ocr_line' id='line_1_28' title="bbox 446 2988 1506 3074; baseline -0.007 -18"><span class='ocrx_word' id='word_1_231' title='bbox 446 2993 616 3056; x_wconf 88' lang='lat' dir='ltr'>vicecomes</span> <span class='ocrx_word' id='word_1_232' title='bbox 639 3009 749 3056; x_wconf 90' lang='lat' dir='ltr'>omnes</span> <span class='ocrx_word' id='word_1_233' title='bbox 772 2997 865 3055; x_wconf 91' lang='lat' dir='ltr'>terras</span> <span class='ocrx_word' id='word_1_234' title='bbox 888 3010 958 3056; x_wconf 89' lang='lat' dir='ltr'>suas</span> <span class='ocrx_word' id='word_1_235' title='bbox 986 2993 1126 3074; x_wconf 88' lang='lat' dir='ltr'>perderet</span> <span class='ocrx_word' id='word_1_236' title='bbox 1148 2999 1176 3056; x_wconf 89' lang='lat' dir='ltr'>et</span> <span class='ocrx_word' id='word_1_237' title='bbox 1198 2993 1258 3055; x_wconf 92' lang='lat' dir='ltr'>vita</span> <span class='ocrx_word' id='word_1_238' title='bbox 1280 3010 1337 3056; x_wconf 91' lang='lat' dir='ltr'>sua</span> <span class='ocrx_word' id='word_1_239' title='bbox 1360 2994 1391 3057; x_wconf 91' lang='lat' dir='ltr'>in</span> <span class='ocrx_word' id='word_1_240' title='bbox 1414 2988 1506 3074; x_wconf 84' lang='lat' dir='ltr'>gracia</span> 
     </span>
     <span class='ocr_line' id='line_1_29' title="bbox 447 3080 1504 3162; baseline -0.002 -18"><span class='ocrx_word' id='word_1_241' title='bbox 447 3082 528 3162; x_wconf 87' lang='lat' dir='ltr'>regis</span> <span class='ocrx_word' id='word_1_242' title='bbox 550 3085 636 3145; x_wconf 89' lang='lat' dir='ltr'>esset</span> <span class='ocrx_word' id='word_1_243' title='bbox 673 3080 792 3145; x_wconf 80' lang='lat' dir='ltr'>Accidit</span> <span class='ocrx_word' id='word_1_244' title='bbox 814 3081 900 3161; x_wconf 93' lang='lat' dir='ltr'>quod</span> <span class='ocrx_word' id='word_1_245' title='bbox 925 3081 978 3146; x_wconf 91' lang='lat' dir='ltr'>illo</span> <span class='ocrx_word' id='word_1_246' title='bbox 1001 3082 1060 3160; x_wconf 91' lang='lat' dir='ltr'>die,</span> <span class='ocrx_word' id='word_1_247' title='bbox 1084 3099 1148 3161; x_wconf 92' lang='lat' dir='ltr'>quo</span> <span class='ocrx_word' id='word_1_248' title='bbox 1173 3081 1260 3144; x_wconf 88' lang='lat' dir='ltr'>miles</span> <span class='ocrx_word' id='word_1_249' title='bbox 1283 3083 1421 3162; x_wconf 92' lang='lat' dir='ltr'>sepultus</span> <span class='ocrx_word' id='word_1_250' title='bbox 1442 3081 1504 3154; x_wconf 83' lang='lat' dir='ltr'>erat,</span> 
     </span>
     <span class='ocr_line' id='line_1_30' title="bbox 447 3170 1505 3252; baseline 0 -20"><span class='ocrx_word' id='word_1_251' title='bbox 447 3170 574 3250; x_wconf 91' lang='lat' dir='ltr'>quidam</span> <span class='ocrx_word' id='word_1_252' title='bbox 598 3171 674 3233; x_wconf 90' lang='lat' dir='ltr'>latro</span> <span class='ocrx_word' id='word_1_253' title='bbox 697 3175 775 3234; x_wconf 86' lang='lat' dir='ltr'>esset</span> <span class='ocrx_word' id='word_1_254' title='bbox 802 3175 908 3251; x_wconf 89' lang='lat' dir='ltr'>captus</span> <span class='ocrx_word' id='word_1_255' title='bbox 931 3176 960 3233; x_wconf 90' lang='lat' dir='ltr'>et</span> <span class='ocrx_word' id='word_1_256' title='bbox 983 3171 1014 3233; x_wconf 96' lang='lat' dir='ltr'>in</span> <span class='ocrx_word' id='word_1_257' title='bbox 1043 3170 1181 3252; x_wconf 90' lang='lat' dir='ltr'>patibulo</span> <span class='ocrx_word' id='word_1_258' title='bbox 1204 3188 1383 3251; x_wconf 89' lang='lat' dir='ltr'>suspensus.</span> <span class='ocrx_word' id='word_1_259' title='bbox 1428 3171 1505 3235; x_wconf 88' lang='lat' dir='ltr'>Vice-</span> 
     </span>
     <span class='ocr_line' id='line_1_31' title="bbox 384 3253 1504 3341; baseline -0.001 -19"><span class='ocrx_word' id='word_1_260' title='bbox 384 3277 551 3324; x_wconf 79' lang='lat' dir='ltr'>runcones</span> <span class='ocrx_word' id='word_1_261' title='bbox 574 3277 647 3323; x_wconf 92' lang='lat' dir='ltr'>vero</span> <span class='ocrx_word' id='word_1_262' title='bbox 672 3260 872 3341; x_wconf 88' lang='lat' dir='ltr'>personaliter</span> <span class='ocrx_word' id='word_1_263' title='bbox 894 3276 927 3323; x_wconf 91' lang='lat' dir='ltr'>se</span> <span class='ocrx_word' id='word_1_264' title='bbox 950 3260 1080 3322; x_wconf 88' lang='lat' dir='ltr'>armauit</span> <span class='ocrx_word' id='word_1_265' title='bbox 1102 3259 1191 3323; x_wconf 89' lang='lat' dir='ltr'>etad</span> <span class='ocrx_word' id='word_1_266' title='bbox 1215 3259 1397 3340; x_wconf 88' lang='lat' dir='ltr'>patibulum,</span> <span class='ocrx_word' id='word_1_267' title='bbox 1427 3253 1504 3340; x_wconf 87' lang='lat' dir='ltr'>quod</span> 
     </span>
     <span class='ocr_line' id='line_1_32' title="bbox 447 3348 1505 3428; baseline -0.007 -16"><span class='ocrx_word' id='word_1_268' title='bbox 447 3354 510 3412; x_wconf 86' lang='lat' dir='ltr'>erat</span> <span class='ocrx_word' id='word_1_269' title='bbox 534 3349 615 3412; x_wconf 86' lang='lat' dir='ltr'>iuxta</span> <span class='ocrx_word' id='word_1_270' title='bbox 638 3348 829 3426; x_wconf 89' lang='lat' dir='ltr'>cimiterium,</span> <span class='ocrx_word' id='word_1_271' title='bbox 860 3349 1017 3428; x_wconf 87' lang='lat' dir='ltr'>equitauit.</span> <span class='ocrx_word' id='word_1_272' title='bbox 1065 3349 1149 3412; x_wconf 90' lang='lat' dir='ltr'>Dum</span> <span class='ocrx_word' id='word_1_273' title='bbox 1178 3366 1252 3411; x_wconf 90' lang='lat' dir='ltr'>vero</span> <span class='ocrx_word' id='word_1_274' title='bbox 1283 3348 1399 3412; x_wconf 91' lang='lat' dir='ltr'>ibidem</span> <span class='ocrx_word' id='word_1_275' title='bbox 1428 3348 1505 3420; x_wconf 89' lang='lat' dir='ltr'>esset,</span> 
     </span>
     <span class='ocr_line' id='line_1_33' title="bbox 447 3432 1506 3518; baseline -0.007 -17"><span class='ocrx_word' id='word_1_276' title='bbox 447 3441 563 3501; x_wconf 87' lang='lat' dir='ltr'>tantum</span> <span class='ocrx_word' id='word_1_277' title='bbox 580 3439 722 3518; x_wconf 86' lang='lat' dir='ltr'>geiuerat,</span> <span class='ocrx_word' id='word_1_278' title='bbox 747 3437 833 3517; x_wconf 93' lang='lat' dir='ltr'>quod</span> <span class='ocrx_word' id='word_1_279' title='bbox 849 3438 1011 3501; x_wconf 91' lang='lat' dir='ltr'>videbatur</span> <span class='ocrx_word' id='word_1_280' title='bbox 1027 3437 1114 3500; x_wconf 88' lang='lat' dir='ltr'>militi</span> <span class='ocrx_word' id='word_1_281' title='bbox 1130 3437 1271 3518; x_wconf 90' lang='lat' dir='ltr'>spiritum</span> <span class='ocrx_word' id='word_1_282' title='bbox 1288 3438 1431 3517; x_wconf 86' lang='lat' dir='ltr'>emittere,</span> <span class='ocrx_word' id='word_1_283' title='bbox 1455 3432 1506 3499; x_wconf 86' lang='lat' dir='ltr'>nisi</span> 
     </span>
     <span class='ocr_line' id='line_1_34' title="bbox 448 3525 1505 3608; baseline -0.008 -16"><span class='ocrx_word' id='word_1_284' title='bbox 448 3531 552 3608; x_wconf 89' lang='lat' dir='ltr'>posset</span> <span class='ocrx_word' id='word_1_285' title='bbox 562 3545 596 3591; x_wconf 89' lang='lat' dir='ltr'>se</span> <span class='ocrx_word' id='word_1_286' title='bbox 606 3527 645 3590; x_wconf 88' lang='lat' dir='ltr'>ad</span> <span class='ocrx_word' id='word_1_287' title='bbox 659 3527 763 3607; x_wconf 85' lang='lat' dir='ltr'>ignem</span> <span class='ocrx_word' id='word_1_288' title='bbox 771 3527 942 3590; x_wconf 85' lang='lat' dir='ltr'>calefacere.</span> <span class='ocrx_word' id='word_1_289' title='bbox 958 3526 1100 3608; x_wconf 84' lang='lat' dir='ltr'>Respexit</span> <span class='ocrx_word' id='word_1_290' title='bbox 1106 3525 1145 3589; x_wconf 88' lang='lat' dir='ltr'>ad</span> <span class='ocrx_word' id='word_1_291' title='bbox 1155 3526 1335 3589; x_wconf 88' lang='lat' dir='ltr'>cimiterium</span> <span class='ocrx_word' id='word_1_292' title='bbox 1344 3527 1505 3606; x_wconf 87' lang='lat' dir='ltr'>vidensque</span> 
     </span>
     <span class='ocr_line' id='line_1_35' title="bbox 449 3609 1505 3698; baseline -0.005 -19"><span class='ocrx_word' id='word_1_293' title='bbox 449 3617 553 3679; x_wconf 91' lang='lat' dir='ltr'>lumen</span> <span class='ocrx_word' id='word_1_294' title='bbox 567 3617 647 3698; x_wconf 86' lang='lat' dir='ltr'>ignis</span> <span class='ocrx_word' id='word_1_295' title='bbox 660 3616 690 3679; x_wconf 93' lang='lat' dir='ltr'>in</span> <span class='ocrx_word' id='word_1_296' title='bbox 704 3634 771 3680; x_wconf 87' lang='lat' dir='ltr'>casa</span> <span class='ocrx_word' id='word_1_297' title='bbox 784 3616 911 3680; x_wconf 91' lang='lat' dir='ltr'>domine</span> <span class='ocrx_word' id='word_1_298' title='bbox 922 3615 1071 3698; x_wconf 86' lang='lat' dir='ltr'>percussit</span> <span class='ocrx_word' id='word_1_299' title='bbox 1081 3634 1196 3695; x_wconf 90' lang='lat' dir='ltr'>equum</span> <span class='ocrx_word' id='word_1_300' title='bbox 1209 3633 1279 3678; x_wconf 89' lang='lat' dir='ltr'>cunr</span> <span class='ocrx_word' id='word_1_301' title='bbox 1292 3616 1465 3694; x_wconf 75' lang='lat' dir='ltr'>calcaribus,</span> <span class='ocrx_word' id='word_1_302' title='bbox 1473 3609 1505 3676; x_wconf 89' lang='lat' dir='ltr'>ad</span> 
     </span>
     <span class='ocr_line' id='line_1_36' title="bbox 385 3704 1504 3786; baseline -0.004 -17"><span class='ocrx_word' id='word_1_303' title='bbox 385 3723 440 3771; x_wconf 83' lang='lat' dir='ltr'>rouo</span> <span class='ocrx_word' id='word_1_304' title='bbox 449 3706 630 3770; x_wconf 90' lang='lat' dir='ltr'>cimiterium</span> <span class='ocrx_word' id='word_1_305' title='bbox 647 3705 737 3783; x_wconf 93' lang='lat' dir='ltr'>venit,</span> <span class='ocrx_word' id='word_1_306' title='bbox 762 3705 911 3786; x_wconf 90' lang='lat' dir='ltr'>percussit</span> <span class='ocrx_word' id='word_1_307' title='bbox 925 3704 964 3768; x_wconf 90' lang='lat' dir='ltr'>ad</span> <span class='ocrx_word' id='word_1_308' title='bbox 981 3723 1080 3769; x_wconf 88' lang='lat' dir='ltr'>casam</span> <span class='ocrx_word' id='word_1_309' title='bbox 1097 3705 1236 3768; x_wconf 86' lang='lat' dir='ltr'>exterius.</span> <span class='ocrx_word' id='word_1_310' title='bbox 1276 3704 1420 3782; x_wconf 88' lang='lat' dir='ltr'>Domina,</span> <span class='ocrx_word' id='word_1_311' title='bbox 1443 3717 1504 3768; x_wconf 91' lang='lat' dir='ltr'>cum</span> 
     </span>
     <span class='ocr_line' id='line_1_37' title="bbox 448 3791 1507 3877; baseline -0.006 -20"><span class='ocrx_word' id='word_1_312' title='bbox 448 3795 590 3872; x_wconf 91' lang='lat' dir='ltr'>audisset,</span> <span class='ocrx_word' id='word_1_313' title='bbox 614 3795 759 3877; x_wconf 88' lang='lat' dir='ltr'>quesiuit:</span> <span class='ocrx_word' id='word_1_314' title='bbox 787 3793 879 3869; x_wconf 70' lang='lat' dir='ltr'>„Que</span> <span class='ocrx_word' id='word_1_315' title='bbox 894 3798 966 3858; x_wconf 93' lang='lat' dir='ltr'>sunt</span> <span class='ocrx_word' id='word_1_316' title='bbox 981 3794 1039 3872; x_wconf 88' lang='lat' dir='ltr'>iiia,</span> <span class='ocrx_word' id='word_1_317' title='bbox 1063 3811 1124 3874; x_wconf 90' lang='lat' dir='ltr'>que</span> <span class='ocrx_word' id='word_1_318' title='bbox 1139 3793 1234 3856; x_wconf 89' lang='lat' dir='ltr'>audio</span> <span class='ocrx_word' id='word_1_319' title='bbox 1249 3793 1299 3856; x_wconf 90' lang='lat' dir='ltr'>tali</span> <span class='ocrx_word' id='word_1_320' title='bbox 1316 3793 1433 3857; x_wconf 71' lang='lat' dir='ltr'>horait</span> <span class='ocrx_word' id='word_1_321' title='bbox 1464 3791 1507 3855; x_wconf 80' lang='lat' dir='ltr'>nir</span> 
     </span>
     <span class='ocr_line' id='line_1_38' title="bbox 450 3881 1505 3963; baseline -0.001 -18"><span class='ocrx_word' id='word_1_322' title='bbox 450 3883 549 3947; x_wconf 89' lang='lat' dir='ltr'>miles:</span> <span class='ocrx_word' id='word_1_323' title='bbox 577 3882 735 3946; x_wconf 74' lang='lat' dir='ltr'>„Domina</span> <span class='ocrx_word' id='word_1_324' title='bbox 750 3882 915 3961; x_wconf 88' lang='lat' dir='ltr'>karissima,</span> <span class='ocrx_word' id='word_1_325' title='bbox 939 3901 999 3963; x_wconf 93' lang='lat' dir='ltr'>ego</span> <span class='ocrx_word' id='word_1_326' title='bbox 1015 3900 1084 3945; x_wconf 92' lang='lat' dir='ltr'>sum</span> <span class='ocrx_word' id='word_1_327' title='bbox 1101 3881 1219 3946; x_wconf 92' lang='lat' dir='ltr'>vicinus</span> <span class='ocrx_word' id='word_1_328' title='bbox 1234 3885 1313 3960; x_wconf 91' lang='lat' dir='ltr'>tuus,</span> <span class='ocrx_word' id='word_1_329' title='bbox 1337 3882 1505 3955; x_wconf 89' lang='lat' dir='ltr'>vicecomes,</span> 
     </span>
     <span class='ocr_line' id='line_1_39' title="bbox 450 3967 1505 4051; baseline -0.001 -18"><span class='ocrx_word' id='word_1_330' title='bbox 450 3971 503 4051; x_wconf 91' lang='lat' dir='ltr'>qui</span> <span class='ocrx_word' id='word_1_331' title='bbox 524 3971 574 4034; x_wconf 91' lang='lat' dir='ltr'>hic</span> <span class='ocrx_word' id='word_1_332' title='bbox 597 3970 697 4051; x_wconf 90' lang='lat' dir='ltr'>pulso.</span> <span class='ocrx_word' id='word_1_333' title='bbox 742 3970 873 4033; x_wconf 87' lang='lat' dir='ltr'>Tantum</span> <span class='ocrx_word' id='word_1_334' title='bbox 899 3972 938 4034; x_wconf 90' lang='lat' dir='ltr'>de</span> <span class='ocrx_word' id='word_1_335' title='bbox 960 3972 1075 4051; x_wconf 82' lang='lat' dir='ltr'>frigore</span> <span class='ocrx_word' id='word_1_336' title='bbox 1098 3970 1206 4050; x_wconf 89' lang='lat' dir='ltr'>habeo,</span> <span class='ocrx_word' id='word_1_337' title='bbox 1223 3970 1309 4051; x_wconf 90' lang='lat' dir='ltr'>quod</span> <span class='ocrx_word' id='word_1_338' title='bbox 1327 3971 1419 4034; x_wconf 89' lang='lat' dir='ltr'>michi</span> <span class='ocrx_word' id='word_1_339' title='bbox 1436 3967 1505 4034; x_wconf 85' lang='lat' dir='ltr'>mori</span> 
     </span>
     <span class='ocr_line' id='line_1_40' title="bbox 450 4057 1505 4138; baseline 0 -19"><span class='ocrx_word' id='word_1_340' title='bbox 450 4059 549 4135; x_wconf 89' lang='lat' dir='ltr'>video,</span> <span class='ocrx_word' id='word_1_341' title='bbox 583 4059 640 4118; x_wconf 89' lang='lat' dir='ltr'>nisi</span> <span class='ocrx_word' id='word_1_342' title='bbox 664 4058 702 4117; x_wconf 91' lang='lat' dir='ltr'>ad</span> <span class='ocrx_word' id='word_1_343' title='bbox 732 4058 835 4131; x_wconf 86' lang='lat' dir='ltr'>ignem</span> <span class='ocrx_word' id='word_1_344' title='bbox 859 4058 998 4119; x_wconf 71' lang='lat' dir='ltr'>sedero.“</span> <span class='ocrx_word' id='word_1_345' title='bbox 1046 4058 1170 4118; x_wconf 76' lang='lat' dir='ltr'>Atina:</span> <span class='ocrx_word' id='word_1_346' title='bbox 1204 4059 1332 4121; x_wconf 66' lang='lat' dir='ltr'>„Timeo</span> <span class='ocrx_word' id='word_1_347' title='bbox 1362 4060 1459 4138; x_wconf 87' lang='lat' dir='ltr'>valde,</span> <span class='ocrx_word' id='word_1_348' title='bbox 1485 4057 1505 4121; x_wconf 88' lang='lat' dir='ltr'>si</span> 
     </span>
    </p>
   </div>
   <div class='ocr_carea' id='block_1_3' title="bbox 386 4138 1505 4309">
    <p class='ocr_par' dir='ltr' id='par_1_3' title="bbox 386 4138 1505 4309">
     <span class='ocr_line' id='line_1_41' title="bbox 386 4138 1505 4217; baseline 0.005 -13"><span class='ocrx_word' id='word_1_349' title='bbox 386 4144 561 4204; x_wconf 80' lang='lat' dir='ltr'>amointrare</span> <span class='ocrx_word' id='word_1_350' title='bbox 577 4141 718 4217; x_wconf 87' lang='lat' dir='ltr'>permitto</span> <span class='ocrx_word' id='word_1_351' title='bbox 730 4143 766 4210; x_wconf 91' lang='lat' dir='ltr'>te,</span> <span class='ocrx_word' id='word_1_352' title='bbox 783 4138 870 4212; x_wconf 91' lang='lat' dir='ltr'>quod</span> <span class='ocrx_word' id='word_1_353' title='bbox 886 4141 989 4215; x_wconf 91' lang='lat' dir='ltr'>aliqua</span> <span class='ocrx_word' id='word_1_354' title='bbox 1001 4141 1093 4199; x_wconf 89' lang='lat' dir='ltr'>michi</span> <span class='ocrx_word' id='word_1_355' title='bbox 1106 4142 1361 4207; x_wconf 90' lang='lat' dir='ltr'>inconueniencia</span> <span class='ocrx_word' id='word_1_356' title='bbox 1377 4147 1505 4210; x_wconf 88' lang='lat' dir='ltr'>intendas</span> 
     </span>
     <span class='ocr_line' id='line_1_42' title="bbox 450 4218 1504 4309; baseline 0.015 -31"><span class='ocrx_word' id='word_1_357' title='bbox 450 4226 565 4302; x_wconf 67' lang='lat' dir='ltr'>loqui«</span> <span class='ocrx_word' id='word_1_358' title='bbox 614 4221 678 4291; x_wconf 90' lang='lat' dir='ltr'>Qui</span> <span class='ocrx_word' id='word_1_359' title='bbox 701 4221 755 4278; x_wconf 89' lang='lat' dir='ltr'>ait:</span> <span class='ocrx_word' id='word_1_360' title='bbox 782 4218 947 4292; x_wconf 69' lang='lat' dir='ltr'>„Domina</span> <span class='ocrx_word' id='word_1_361' title='bbox 972 4223 1101 4282; x_wconf 86' lang='lat' dir='ltr'>firmiter</span> <span class='ocrx_word' id='word_1_362' title='bbox 1129 4229 1276 4300; x_wconf 87' lang='lat' dir='ltr'>promitto</span> <span class='ocrx_word' id='word_1_363' title='bbox 1306 4232 1393 4309; x_wconf 92' lang='lat' dir='ltr'>quod</span> <span class='ocrx_word' id='word_1_364' title='bbox 1423 4235 1504 4298; x_wconf 86' lang='lat' dir='ltr'>nichil</span> 
     </span>
    </p>
   </div>
   <div class='ocr_carea' id='block_1_4' title="bbox 0 0 1776 5025">
    <p class='ocr_par' dir='ltr' id='par_1_4' title="bbox 0 0 1776 5025">
     <span class='ocr_line' id='line_1_43' title="bbox 0 0 1776 5025; baseline 0 0"><span class='ocrx_word' id='word_1_365' title='bbox 0 0 1776 5025; x_wconf 95' lang='lat' dir='ltr'> </span> 
     </span>
    </p>
   </div>
  </div>
 </body>
</html>
