3525 5025
811 508 1174 568 —204—.

400 678 439 742 ad
455 683 590 744 vestrum
614 682 790 760 preceptum
814 678 910 743 silens
932 678 1070 742 efficitur.
1107 680 1155 757 lta,
1179 678 1339 742 sibonum
1357 681 1476 744 vinum

400 767 440 832 de
462 768 574 833 Sancto
598 767 751 845 Procinto,
774 768 821 831 vel
843 767 1030 848 Andegavia,
1053 768 1101 831 vel
1125 767 1164 832 de
1179 768 1404 847 Autissiodoro,
1431 770 1478 833 sit

401 857 551 921 inmensa
563 875 630 920 mea
645 861 675 920 et
685 856 775 920 vellet
791 856 865 919 mihi
882 856 999 937 aliquid
1017 856 1131 920 malum
1145 857 1250 934 iacere,
1269 857 1366 920 statim
1383 876 1475 938 aqua

345 965 374 1012 to
401 945 586 1024 contradicit,
610 946 718 1026 quein
735 950 894 1010 momento
906 945 1080 1009 violentiam
1098 946 1164 1026 ejus
1180 951 1283 1028 posset
1298 945 1474 1011 destruere.

490 1035 662 1116 Episcopus
689 1034 876 1099 Guillelmus
909 1034 1095 1111 Parisiensis
1131 1035 1231 1098 sciens
1255 1034 1371 1098 Fratres
1394 1036 1475 1099 Pre-

400 1123 550 1188 dicatores
586 1123 764 1188 Parisiensis
802 1123 913 1188 debitis
947 1124 1112 1204 obligatos,
1151 1143 1212 1204 que
1246 1124 1365 1188 solvere
1399 1143 1473 1189 non

401 1218 547 1295 poterant,
570 1213 645 1276 adiit
667 1213 804 1293 reginam
830 1213 983 1291 Blancam,
1011 1213 1099 1293 cujus
1122 1218 1185 1276 erat
1207 1213 1373 1293 confessor,
1403 1232 1475 1294 que

400 1301 533 1366 debebat
553 1302 740 1384 peregrinari
763 1301 802 1364 ad
826 1302 970 1366 Sanctum
983 1303 1132 1383 Jacobum
1145 1306 1174 1365 et
1197 1307 1350 1382 paraverat
1373 1303 1474 1366 mira-

344 1409 373 1454 tu
401 1391 479 1456 biles
500 1408 657 1472 expensas,
680 1396 710 1454 et
732 1391 816 1473 petiit
837 1392 877 1454 ab
901 1409 936 1454 ea
950 1391 976 1454 si
1000 1391 1105 1455 omnia
1128 1395 1230 1455 essent
1251 1395 1360 1472 parata.
1392 1391 1474 1466 Que

400 1479 558 1562 respondit
579 1480 666 1561 quod
689 1480 740 1544 sic
778 1481 866 1544 Tunc
889 1480 930 1543 ait
952 1479 1014 1543 ille:
1040 1480 1184 1557 Domina,
1208 1497 1264 1544 vos
1285 1481 1345 1560 jam
1369 1482 1474 1545 multa

400 1569 546 1633 inutiliter
568 1574 695 1652 propter
717 1569 826 1631 mundi
850 1569 980 1649 gloriam
1005 1569 1199 1650 expendistis,
1223 1573 1253 1632 et
1275 1573 1307 1632 ut
1329 1574 1472 1634 vostram

400 1658 658 1740 magnificentiam
682 1659 714 1721 in
738 1663 835 1721 vestra
858 1663 944 1734 terra,
968 1658 1007 1720 de
1023 1676 1083 1737 qua
1106 1659 1178 1722 estis
1193 1662 1266 1736 orta,
1290 1657 1472 1737 ostendatis

400 1765 461 1827 que
484 1747 582 1811 multo
605 1748 717 1812 melius
731 1751 857 1828 possent
872 1747 1013 1828 expendi.
1053 1746 1151 1825 Certe,
1175 1746 1251 1810 dixit
1266 1747 1339 1828 ipsa,
1363 1753 1474 1828 parata

344 1853 372 1899 uo
398 1853 468 1899 sum
498 1837 691 1917 acquiescere
721 1836 851 1900 consilio
880 1840 989 1900 vestro.
1037 1838 1072 1898 Et
1095 1837 1207 1916 inquit:
1239 1837 1331 1901 Dabo
1352 1854 1472 1901 sanum

399 1925 571 2003 consilium,
595 1931 624 1990 et
646 1925 753 2007 obligo
777 1944 827 1988 me
850 1925 881 1988 in
904 1925 1021 2005 judicio
1042 1943 1099 2006 pro
1114 1926 1205 1990 vobis
1220 1943 1323 1988 coram
1339 1943 1472 1990 summo

398 2013 500 2094 jndice
524 2033 756 2096 responsurum.
796 2015 879 2094 Ecce,
904 2013 1011 2094 inquit,
1036 2016 1153 2078 Fratres
1169 2013 1385 2094 predicatores,
1409 2017 1471 2094 qui

399 2108 546 2167 vocantur
570 2103 676 2168 iratres
698 2103 798 2168 Sancti
819 2104 932 2184 Jacobi,
963 2104 1089 2183 obligati
1112 2108 1185 2166 sunt
1207 2104 1238 2167 in
1268 2104 1350 2167 mille
1373 2104 1471 2183 quin-

399 2193 500 2272 gentis
530 2192 617 2256 libris
650 2193 697 2256 vel
728 2193 816 2256 circa.
863 2192 1026 2273 Accipiatis
1056 2211 1160 2272 peram
1191 2198 1220 2255 et
1249 2192 1401 2272 baculum,
1437 2199 1472 2257 et

343 2298 372 2343 au
399 2281 472 2345 eatis
494 2281 533 2344 ad
557 2281 700 2346 Sanctum
721 2282 879 2361 Jacobum,
911 2281 942 2344 id
966 2285 1011 2345 est
1031 2281 1070 2344 ad
1094 2281 1224 2344 domum
1255 2281 1402 2362 ipsorum,
1437 2289 1472 2345 et

398 2370 522 2434 solvatis
556 2389 664 2434 eorum
701 2370 848 2448 debitum,
880 2376 909 2434 et
940 2389 999 2449 ego
1034 2371 1078 2434 sic
1112 2375 1198 2435 muto
1233 2371 1322 2435 vobis
1356 2376 1468 2435 vonum

399 2464 541 2539 vestrum,
572 2466 602 2525 et
632 2459 776 2542 promitto
799 2477 894 2541 super
923 2459 984 2524 hoc
1013 2458 1201 2541 respondere
1231 2479 1289 2542 pro
1312 2460 1402 2524 vobis
1423 2461 1468 2524 ad

397 2549 556 2629 judicium,
580 2550 667 2630 quod
683 2550 794 2613 melius
809 2549 906 2613 tacitis
924 2549 1028 2629 [quam
1045 2549 1153 2630 lacere]
1172 2555 1288 2613 tantum
1305 2567 1468 2613 excessum

399 2643 427 2701 et
450 2639 562 2702 habere
578 2645 637 2702 tam
655 2639 847 2719 superfluum
862 2643 1124 2719 apparamentum.
1164 2639 1235 2713 Que
1250 2640 1327 2702 sicut
1342 2639 1469 2719 sapiens

343 2743 371 2788 so
399 2728 510 2791 mulier
532 2728 682 2808 acquievit
704 2727 834 2792 consilio
857 2729 951 2791 sancti
975 2728 1060 2791 viri.u

786 2878 815 2935 2.
857 2871 910 2951 [=
935 2870 964 2935 s.
990 2870 1073 2951 aaa]

488 2996 658 3077 Episcopus
703 2995 830 3075 quidam
869 2995 1080 3074 Camotensis,
1127 3014 1144 3057 a
1188 3013 1251 3075 quo
1289 2994 1374 3075 petiit
1411 3012 1466 3057 rex

398 3084 568 3165 Philippus,
593 3086 646 3164 qui
663 3090 725 3148 erat
740 3084 806 3164 ejus
822 3088 978 3165 cognatus
1003 3086 1132 3165 primam
1157 3084 1345 3165 prebendam
1370 3099 1465 3163 quam

397 3172 489 3250 daret
513 3174 540 3235 ei
565 3175 699 3254 benigne
721 3174 829 3237 annuit
844 3178 873 3236 et
888 3174 1044 3238 concessit.
1086 3175 1121 3236 Et
1143 3192 1213 3236 cum
1238 3177 1308 3254 post
1329 3178 1467 3236 vacasset

397 3280 453 3325 nec
477 3263 540 3341 regi
564 3264 761 3341 satisfecisset,
794 3263 960 3342 increpavit
991 3281 1045 3343 per
1072 3262 1183 3326 litteras
1211 3280 1281 3325 eum
1311 3261 1349 3325 de
1378 3280 1465 3324 men-

342 3368 370 3414 as
397 3350 493 3429 dacio,
529 3351 601 3431 quia
636 3354 766 3433 primam
802 3370 894 3432 quam
927 3350 1061 3415 dedisset
1098 3352 1172 3432 [non
1204 3350 1371 3431 habueratl,
1407 3369 1466 3414 nec

397 3457 489 3519 quam
514 3440 599 3503 daret
622 3442 761 3506 habebat.
808 3442 872 3516 Qui
897 3441 1055 3522 respondit
1078 3459 1111 3505 se
1140 3440 1293 3504 veritatem
1317 3457 1464 3518 servasse,

396 3528 470 3608 quia
486 3529 544 3609 ipsi
561 3548 625 3594 non
641 3531 733 3596 dabat
748 3531 802 3596 sed
819 3530 978 3595 vendebat.
1018 3532 1054 3593 Et
1069 3530 1108 3592 ita
1131 3534 1192 3593 erat
1216 3530 1247 3591 in
1268 3529 1310 3591 rei
1332 3529 1464 3592 veritate.

793 3679 821 3738 a.
864 3674 916 3754 l=
942 3673 971 3737 s.
997 3672 1058 3753 aa]

487 3797 568 3874 Item,
584 3796 764 3860 imminente
780 3802 886 3875 morte,
898 3798 968 3861 lecit
982 3796 1178 3877 [Salehadim]
1190 3796 1291 3859 alierri
1303 3794 1462 3858 sudarium

396 3902 496 3962 suum,
521 3888 589 3947 eta
616 3889 749 3964 quatuor
772 3886 920 3949 militibus
943 3905 999 3967 per
1021 3892 1154 3966 quatuor
1177 3885 1295 3949 lanceas
1318 3884 1388 3948 tecit
1409 3884 1463 3947 de-

342 3990 368 4036 vo
396 3974 510 4054 portari
538 3992 593 4053 per
615 3973 700 4036 vicos
723 3974 857 4054 civitatis,
883 3974 1068 4039 dicentibus:
1100 3974 1282 4051 Salehadim
1315 3972 1463 4037 dominus

395 4062 560 4125 duodecim
585 4079 762 4140 regnorum,
786 4080 850 4125 non
875 4064 945 4143 plus
969 4068 1068 4143 portat
1090 4065 1129 4128 de
1153 4063 1281 4127 mundo.

484 4149 638 4210 Soldanus
672 4149 845 4211 Salehadim
886 4152 917 4211 in
950 4157 1055 4228 morte,
1097 4157 1130 4214 ut
1159 4152 1277 4229 dicitur,
1307 4150 1464 4214 mandavit

393 4251 451 4310 pro
468 4234 587 4293 meliori
604 4233 777 4310 christiano,
801 4254 859 4312 pro
883 4236 1003 4296 meliori
1016 4238 1124 4312 Judeo,
1149 4257 1206 4315 pro
1224 4239 1343 4301 meliori
1360 4238 1463 4302 Sarra·
