3525 5025
661 516 903 574 —105-

268 707 382 767 sermm,
413 707 506 769 quem
541 690 674 752 mimum
708 689 833 765 diceret,
868 706 1001 770 quamve
1036 689 1241 769 interrogatus
1275 688 1314 753 de

268 779 391 858 singulis,
431 778 572 842 redderet
606 778 763 842 rationem.
825 778 1041 858 Congregans
1075 778 1167 858 igilur
1198 779 1314 842 cunctis

221 868 439 949 unprinn'pibus
472 867 678 948 exhibitisque
708 868 772 948 regi
804 886 865 947 que
894 866 1092 945 adduxerant,
1124 867 1258 931 introivit
1285 872 1314 932 et

268 957 314 1019 iste
338 975 403 1019 cum
433 975 549 1038 pompa
579 974 635 1019 sua
668 958 740 1021 satis
772 956 904 1019 mirabili
935 956 1077 1019 dissimili
1108 974 1170 1037 que
1200 958 1314 1035 ceteris,

268 1046 378 1125 regique
411 1047 509 1109 astitit
573 1046 671 1109 Porro
707 1045 837 1109 diversis
875 1046 1066 1109 musicorum
1105 1046 1315 1109 instrumentis

267 1135 502 1216 concrepantibus
526 1134 631 1199 omnia
655 1135 846 1211 resonabant,
873 1134 912 1197 ad
936 1152 1071 1215 quorum
1094 1152 1187 1198 voces
1209 1135 1315 1198 asinus

266 1223 394 1286 stolidum
416 1224 529 1287 animal
557 1224 742 1305 stupefactus
765 1240 854 1287 aures
876 1224 967 1303 erigit
997 1222 1155 1304 tenditque
1185 1224 1313 1287 caudam

220 1330 256 1374 arc
268 1313 431 1393 magnisque
453 1312 616 1377 conatibus
639 1313 727 1390 rudit,
752 1313 918 1393 rugituque
941 1330 999 1376 suo
1016 1316 1113 1375 totum
1137 1312 1315 1377 concutiens

267 1402 401 1481 palatium,
423 1420 529 1482 regem
545 1419 725 1482 omnesque,
749 1402 801 1482 qui
818 1401 952 1479 aderant,
975 1402 1013 1465 ad
1037 1402 1084 1465 sui
1109 1402 1314 1483 spectaculum

268 1492 453 1571 congregavit
500 1491 617 1554 inimici
640 1509 716 1555 vero
738 1492 805 1555 eius
831 1490 979 1568 videntes,
1009 1508 1042 1554 se
1066 1508 1132 1555 esse
1162 1490 1314 1572 deceptos,

266 1578 297 1640 ad
323 1580 491 1644 irrisionem
525 1580 620 1643 verba
653 1584 820 1658 verterunt,
854 1580 915 1643 sub
945 1580 1054 1660 yronia
1085 1580 1149 1659 regi
1180 1579 1315 1644 dicentes

266 1668 368 1731 bonum
401 1670 633 1750 sapientemque
662 1669 870 1733 consiliarium
901 1687 935 1733 se
965 1668 1086 1745 babere,
1120 1668 1174 1749 qui
1205 1668 1316 1733 talibus

222 1773 342 1821 ossuum
375 1759 518 1839 palatium
554 1760 699 1839 replesset
732 1758 886 1822 monstris.
938 1758 979 1821 nt
1011 1776 1063 1821 rex
1094 1756 1314 1821 maledicorum

267 1847 352 1911 verbis
373 1848 501 1911 minime
524 1848 695 1925 intendens,
718 1847 832 1911 sciebat
853 1846 946 1925 eninr,
971 1845 1031 1910 boc
1054 1863 1118 1911 non
1141 1847 1260 1927 absque
1283 1864 1315 1911 re

265 1935 328 2014 lieri,
350 1937 555 2017 interrogabat
570 1937 721 2014 iuvenem,
744 1936 820 2016 quid
842 1935 1018 2016 unumquid
1036 1953 1097 2015 que
1113 1952 1229 2013 eorum,
1254 1954 1315 2016 que

264 2024 421 2105 adduxerat,
445 2030 672 2108 representaret.
707 2025 767 2089 Cui
792 2023 842 2088 ille
862 2042 918 2105 per
933 2024 1055 2104 singula
1077 2025 1122 2089 sic
1144 2024 1315 2105 respondit:

338 2115 438 2193 Canis,
463 2116 571 2195 inquil,
595 2132 683 2178 meus
705 2114 760 2178 tibi
783 2114 917 2177 amicum
946 2114 1098 2194 optimum
1123 2119 1315 2195 representat.

223 2216 255 2262 su
266 2202 316 2265 llic
327 2205 406 2267 enim
430 2222 553 2267 mecum
569 2221 769 2284 quocumque
785 2203 850 2266 iero
865 2202 982 2266 vadens
998 2202 1132 2283 pericula
1147 2202 1314 2266 fluminum

264 2291 464 2374 latronumque
487 2310 651 2357 mucrones
673 2293 843 2372 dentesque
862 2292 996 2355 terarum
1013 2292 1118 2355 subire
1134 2309 1198 2356 non
1223 2293 1315 2356 timet.

265 2379 314 2443 Sed
335 2382 429 2463 ipsam
454 2399 582 2463 prorsus
605 2388 735 2446 mortem
759 2386 885 2466 propter
906 2399 955 2443 me
971 2381 1106 2461 despicit,
1130 2398 1202 2462 sepe
1226 2382 1315 2444 etiam

265 2486 305 2533 me
331 2472 536 2552 convivasque
568 2488 655 2536 meos
676 2488 734 2536 sua
763 2470 860 2535 nobili
892 2470 989 2535 reiicit
1019 2471 1122 2553 preda,
1155 2488 1314 2551 nunquam

263 2559 365 2640 absque
387 2579 437 2625 me
460 2561 546 2639 letus,
575 2579 745 2640 numquam
769 2579 891 2624 mecum
916 2559 1008 2624 tristis
1031 2561 1170 2624 existens.
1218 2560 1316 2638 Certe,

224 2661 281 2709 auo
306 2668 361 2727 rex,
390 2668 561 2730 numquam
592 2655 652 2712 tam
684 2650 783 2713 lidum
814 2650 1032 2730 sincerumque
1063 2649 1196 2713 amicum
1229 2649 1315 2730 potui

265 2736 394 2817 invenire,
417 2739 471 2803 sed
496 2755 553 2802 nec
575 2744 604 2803 te
626 2739 753 2818 quidam
778 2739 838 2802 hoc
861 2739 998 2819 potuisse
1021 2756 1101 2801 reor.

339 2828 467 2892 Asinum
490 2832 591 2892 autem
616 2846 719 2891 meum
743 2845 865 2892 servum
897 2826 1111 2890 fidelissimum
1136 2827 1316 2908 patientissi·

264 2932 397 2996 mumque
418 2917 473 2981 tibi
497 2916 621 2981 adduxi.
669 2918 728 2980 llic
756 2917 839 2980 enim
871 2915 1011 2996 quolibet
1042 2934 1132 2980 mane
1161 2915 1200 2979 ad
1225 2917 1316 2980 silvas

263 3021 380 3085 pergens
402 3004 495 3087 lignis
518 3007 591 3070 inde
614 3006 691 3069 redit
714 3011 852 3084 onustus,
876 3005 1025 3084 quibusa
1048 3005 1143 3068 dorso
1166 3005 1315 3085 depositis

224 3091 437 3158 astrumentum
472 3095 511 3158 ad
546 3095 760 3159 molendinum
796 3098 896 3176 portat
929 3097 1123 3175 reportatque
1160 3095 1316 3172 molitum,

263 3180 362 3247 deinde
388 3203 459 3248 cunr
490 3184 610 3248 utribus
631 3184 671 3247 ad
699 3184 815 3248 iontem
847 3183 954 3264 pergit,
986 3183 1162 3263 revehitque
1186 3182 1316 3246 domum

264 3271 368 3349 plenos.
412 3273 494 3338 Cum
518 3278 619 3337 autem
647 3272 769 3337 cottidie
797 3273 847 3336 hic
876 3273 943 3336 sine
975 3291 1133 3335 murmure
1158 3268 1262 3352 [15411]
1289 3277 1318 3336 et

264 3361 445 3426 reluctatione
468 3363 563 3439 iaciat,
594 3380 658 3427 non
689 3367 787 3426 vestes
818 3361 979 3442 preciosas,
1011 3379 1075 3424 non
1108 3361 1195 3425 cibos
1224 3362 1318 3441 exigit

264 3447 400 3534 lautiores,
423 3451 477 3515 sed
500 3451 615 3516 suliicit
636 3452 673 3529 ei,
697 3452 721 3515 si
746 3469 854 3532 parum
877 3451 940 3513 teni
956 3451 1004 3514 vel
1021 3451 1107 3531 palee
1130 3469 1187 3531 pro
1212 3450 1318 3514 labore

225 3536 398 3604 andiutumo
420 3545 633 3621 consequatur.
678 3540 791 3618 Quem,
815 3558 923 3620 queso,
947 3557 967 3604 o
991 3557 1051 3616 rex,
1075 3540 1123 3603 vel
1148 3539 1201 3602 ubi
1226 3540 1315 3602 talem

266 3643 375 3691 servum
399 3631 574 3693 inveniam?
622 3629 763 3693 Proiecto
790 3646 954 3710 nusquam.

343 3717 443 3793 Quem
478 3723 579 3782 autem
617 3719 672 3782 tibi
711 3719 841 3781 mimum
881 3718 1045 3781 meliorum
1083 3717 1150 3781 filio
1189 3716 1317 3798 parvulo

264 3803 470 3872 adduxissem?
524 3807 585 3870 llic
621 3807 733 3872 etenim
772 3807 866 3870 michi
905 3806 1028 3870 cottidie
1064 3805 1188 3869 exhibet
1226 3805 1318 3868 ludos

265 3908 359 3974 novos,
389 3897 528 3976 dumque
551 3897 637 3976 quod
665 3896 775 3959 viderit
805 3897 852 3959 vel
882 3895 1013 3959 audierit
1042 3895 1150 3958 imitari
1181 3899 1317 3970 conatur,

227 3988 356 4059 urens
386 3986 524 4050 comicos
554 3989 745 4066 representat,
776 3985 889 4064 trangit
911 3984 1005 4047 verba
1035 4002 1096 4063 que
1126 3983 1216 4066 plene
1247 4001 1318 4064 pro·

266 4069 333 4135 terre
362 4092 425 4139 non
460 4075 550 4154 valet,
589 4079 619 4138 et
651 4093 721 4138 cum
747 4074 877 4137 omnino
902 4091 966 4137 non
1003 4073 1100 4153 possit
1133 4072 1317 4151 exprimere,

266 4162 340 4237 quod
361 4165 543 4244 cogitaverit
573 4163 670 4244 signis
693 4163 769 4226 illud
794 4166 943 4242 motuque
973 4161 1112 4241 corporis
1141 4161 1318 4223 manifestat.

267 4245 322 4311 Sub
350 4271 412 4317 uno
443 4252 617 4332 eodemque
644 4253 721 4315 hore
753 4255 912 4314 momento
943 4250 1020 4312 letus
1050 4253 1079 4311 et
1110 4248 1209 4325 tristis,
1240 4248 1319 4309 ilens
