<?xml version="1.0" encoding="UTF-8"?>
<!DOCTYPE html PUBLIC "-//W3C//DTD XHTML 1.0 Transitional//EN"
    "http://www.w3.org/TR/xhtml1/DTD/xhtml1-transitional.dtd">
<html xmlns="http://www.w3.org/1999/xhtml" xml:lang="en" lang="en">
 <head>
  <title>
</title>
<meta http-equiv="Content-Type" content="text/html;charset=utf-8" />
  <meta name='ocr-system' content='tesseract 3.04.00' />
  <meta name='ocr-capabilities' content='ocr_page ocr_carea ocr_par ocr_line ocrx_word'/>
</head>
<body>
  <div class='ocr_page' id='page_1' title='image "./probenderlatein00ulrigoog_0153.png"; bbox 0 0 3525 5025; ppageno 0'>
   <div class='ocr_carea' id='block_1_1' title="bbox 832 536 1075 593">
    <p class='ocr_par' dir='ltr' id='par_1_1' title="bbox 832 536 1075 593">
     <span class='ocr_line' id='line_1_1' title="bbox 832 536 1075 593; baseline 0.008 -2"><span class='ocrx_word' id='word_1_1' title='bbox 832 536 1075 593; x_wconf 72' lang='lat'>-142—</span> 
     </span>
    </p>
   </div>
   <div class='ocr_carea' id='block_1_2' title="bbox 359 708 1553 1059">
    <p class='ocr_par' dir='ltr' id='par_1_2' title="bbox 359 708 1553 1059">
     <span class='ocr_line' id='line_1_2' title="bbox 421 708 1474 791; baseline -0.002 -17"><span class='ocrx_word' id='word_1_2' title='bbox 421 728 455 774; x_wconf 91' lang='lat' dir='ltr'>se</span> <span class='ocrx_word' id='word_1_3' title='bbox 487 710 651 790; x_wconf 79' lang='lat' dir='ltr'>cogtubat:</span> <span class='ocrx_word' id='word_1_4' title='bbox 693 709 854 775; x_wconf 67' lang='lat' dir='ltr'>„Secunda</span> <span class='ocrx_word' id='word_1_5' title='bbox 887 708 1040 790; x_wconf 87' lang='lat' dir='ltr'>sapiencia</span> <span class='ocrx_word' id='word_1_6' title='bbox 1074 728 1142 773; x_wconf 88' lang='lat' dir='ltr'>mea</span> <span class='ocrx_word' id='word_1_7' title='bbox 1175 716 1246 789; x_wconf 92' lang='lat' dir='ltr'>erat,</span> <span class='ocrx_word' id='word_1_8' title='bbox 1284 712 1365 791; x_wconf 91' lang='lat' dir='ltr'>quod</span> <span class='ocrx_word' id='word_1_9' title='bbox 1396 711 1474 773; x_wconf 90' lang='lat' dir='ltr'>vlam</span> 
     </span>
     <span class='ocr_line' id='line_1_3' title="bbox 422 799 1475 881; baseline -0.001 -18"><span class='ocrx_word' id='word_1_10' title='bbox 422 800 576 881; x_wconf 80' lang='lat' dir='ltr'>publicam</span> <span class='ocrx_word' id='word_1_11' title='bbox 608 803 733 880; x_wconf 85' lang='lat' dir='ltr'>propter</span> <span class='ocrx_word' id='word_1_12' title='bbox 759 799 898 862; x_wconf 90' lang='lat' dir='ltr'>semitam</span> <span class='ocrx_word' id='word_1_13' title='bbox 930 815 993 861; x_wconf 89' lang='lat' dir='ltr'>non</span> <span class='ocrx_word' id='word_1_14' title='bbox 1024 799 1217 877; x_wconf 75' lang='lat' dir='ltr'>dimitterem,</span> <span class='ocrx_word' id='word_1_15' title='bbox 1247 802 1301 863; x_wconf 87' lang='lat' dir='ltr'>sed</span> <span class='ocrx_word' id='word_1_16' title='bbox 1324 818 1376 881; x_wconf 89' lang='lat' dir='ltr'>per</span> <span class='ocrx_word' id='word_1_17' title='bbox 1395 800 1475 863; x_wconf 91' lang='lat' dir='ltr'>uiam</span> 
     </span>
     <span class='ocr_line' id='line_1_4' title="bbox 422 888 1553 970; baseline 0 -19"><span class='ocrx_word' id='word_1_18' title='bbox 422 889 510 951; x_wconf 83' lang='lat' dir='ltr'>latam</span> <span class='ocrx_word' id='word_1_19' title='bbox 534 905 702 969; x_wconf 83' lang='lat' dir='ltr'>pergerem.</span> <span class='ocrx_word' id='word_1_20' title='bbox 740 888 805 951; x_wconf 88' lang='lat' dir='ltr'>Vos</span> <span class='ocrx_word' id='word_1_21' title='bbox 820 906 904 968; x_wconf 88' lang='lat' dir='ltr'>ergo,</span> <span class='ocrx_word' id='word_1_22' title='bbox 928 888 981 968; x_wconf 93' lang='lat' dir='ltr'>qui</span> <span class='ocrx_word' id='word_1_23' title='bbox 1005 888 1096 951; x_wconf 88' lang='lat' dir='ltr'>vultis</span> <span class='ocrx_word' id='word_1_24' title='bbox 1120 907 1174 970; x_wconf 88' lang='lat' dir='ltr'>per</span> <span class='ocrx_word' id='word_1_25' title='bbox 1197 890 1332 952; x_wconf 88' lang='lat' dir='ltr'>semitam</span> <span class='ocrx_word' id='word_1_26' title='bbox 1349 907 1476 970; x_wconf 86' lang='lat' dir='ltr'>pergere,</span> <span class='ocrx_word' id='word_1_27' title='bbox 1546 924 1553 937; x_wconf 94' lang='lat'><strong>·</strong></span> 
     </span>
     <span class='ocr_line' id='line_1_5' title="bbox 359 975 1476 1059; baseline -0.003 -18"><span class='ocrx_word' id='word_1_28' title='bbox 359 1002 413 1049; x_wconf 75' lang='lat'><strong>1000</strong></span> <span class='ocrx_word' id='word_1_29' title='bbox 422 978 462 1041; x_wconf 88' lang='lat' dir='ltr'>ite</span> <span class='ocrx_word' id='word_1_30' title='bbox 483 982 513 1041; x_wconf 86' lang='lat' dir='ltr'>et</span> <span class='ocrx_word' id='word_1_31' title='bbox 535 976 641 1042; x_wconf 89' lang='lat' dir='ltr'>omnia</span> <span class='ocrx_word' id='word_1_32' title='bbox 664 975 854 1058; x_wconf 81' lang='lat' dir='ltr'>preparatel·</span> <span class='ocrx_word' id='word_1_33' title='bbox 898 976 940 1039; x_wconf 88' lang='lat' dir='ltr'>llll</span> <span class='ocrx_word' id='word_1_34' title='bbox 957 995 1032 1041; x_wconf 89' lang='lat' dir='ltr'>vero</span> <span class='ocrx_word' id='word_1_35' title='bbox 1048 995 1103 1058; x_wconf 92' lang='lat' dir='ltr'>per</span> <span class='ocrx_word' id='word_1_36' title='bbox 1118 979 1255 1041; x_wconf 87' lang='lat' dir='ltr'>semitam</span> <span class='ocrx_word' id='word_1_37' title='bbox 1281 982 1476 1059; x_wconf 86' lang='lat' dir='ltr'>perrexerunt.</span> 
     </span>
    </p>
   </div>
   <div class='ocr_carea' id='block_1_3' title="bbox 357 1065 1493 4346">
    <p class='ocr_par' dir='ltr' id='par_1_3' title="bbox 357 1065 1493 4346">
     <span class='ocr_line' id='line_1_6' title="bbox 423 1065 1477 1147; baseline -0.002 -17"><span class='ocrx_word' id='word_1_38' title='bbox 423 1066 538 1131; x_wconf 76' lang='lat' dir='ltr'>Inimici</span> <span class='ocrx_word' id='word_1_39' title='bbox 561 1083 636 1129; x_wconf 91' lang='lat' dir='ltr'>vero</span> <span class='ocrx_word' id='word_1_40' title='bbox 658 1084 730 1129; x_wconf 89' lang='lat' dir='ltr'>cum</span> <span class='ocrx_word' id='word_1_41' title='bbox 753 1070 854 1129; x_wconf 81' lang='lat' dir='ltr'>essent</span> <span class='ocrx_word' id='word_1_42' title='bbox 877 1065 909 1128; x_wconf 91' lang='lat' dir='ltr'>in</span> <span class='ocrx_word' id='word_1_43' title='bbox 933 1065 1060 1144; x_wconf 89' lang='lat' dir='ltr'>insidiis,</span> <span class='ocrx_word' id='word_1_44' title='bbox 1084 1067 1256 1145; x_wconf 88' lang='lat' dir='ltr'>credebant,</span> <span class='ocrx_word' id='word_1_45' title='bbox 1280 1067 1363 1147; x_wconf 93' lang='lat' dir='ltr'>quod</span> <span class='ocrx_word' id='word_1_46' title='bbox 1386 1067 1477 1147; x_wconf 86' lang='lat' dir='ltr'>impe-</span> 
     </span>
     <span class='ocr_line' id='line_1_7' title="bbox 422 1156 1480 1236; baseline 0 -17"><span class='ocrx_word' id='word_1_47' title='bbox 422 1161 504 1219; x_wconf 85' lang='lat' dir='ltr'>rator</span> <span class='ocrx_word' id='word_1_48' title='bbox 541 1156 618 1218; x_wconf 88' lang='lat' dir='ltr'>inter</span> <span class='ocrx_word' id='word_1_49' title='bbox 655 1172 710 1218; x_wconf 86' lang='lat' dir='ltr'>eos</span> <span class='ocrx_word' id='word_1_50' title='bbox 747 1158 839 1233; x_wconf 88' lang='lat' dir='ltr'>esset,</span> <span class='ocrx_word' id='word_1_51' title='bbox 877 1172 988 1217; x_wconf 82' lang='lat' dir='ltr'>omnes</span> <span class='ocrx_word' id='word_1_52' title='bbox 1025 1160 1221 1219; x_wconf 89' lang='lat' dir='ltr'>surrexerunt</span> <span class='ocrx_word' id='word_1_53' title='bbox 1259 1161 1295 1235; x_wconf 89' lang='lat' dir='ltr'>et,</span> <span class='ocrx_word' id='word_1_54' title='bbox 1333 1160 1480 1236; x_wconf 89' lang='lat' dir='ltr'>quotquot</span> 
     </span>
     <span class='ocr_line' id='line_1_8' title="bbox 422 1243 1480 1322; baseline 0 -15"><span class='ocrx_word' id='word_1_55' title='bbox 422 1246 614 1322; x_wconf 86' lang='lat' dir='ltr'>inuenerunt,</span> <span class='ocrx_word' id='word_1_56' title='bbox 646 1243 832 1308; x_wconf 87' lang='lat' dir='ltr'>occiderunt</span> <span class='ocrx_word' id='word_1_57' title='bbox 879 1243 943 1313; x_wconf 85' lang='lat' dir='ltr'>Rex</span> <span class='ocrx_word' id='word_1_58' title='bbox 975 1261 1050 1307; x_wconf 92' lang='lat' dir='ltr'>vero</span> <span class='ocrx_word' id='word_1_59' title='bbox 1081 1262 1151 1307; x_wconf 91' lang='lat' dir='ltr'>cum</span> <span class='ocrx_word' id='word_1_60' title='bbox 1184 1245 1244 1308; x_wconf 93' lang='lat' dir='ltr'>hoc</span> <span class='ocrx_word' id='word_1_61' title='bbox 1273 1246 1409 1322; x_wconf 89' lang='lat' dir='ltr'>audisset,</span> <span class='ocrx_word' id='word_1_62' title='bbox 1438 1245 1480 1307; x_wconf 90' lang='lat' dir='ltr'>ait</span> 
     </span>
     <span class='ocr_line' id='line_1_9' title="bbox 422 1332 1476 1414; baseline 0 -18"><span class='ocrx_word' id='word_1_63' title='bbox 422 1335 499 1397; x_wconf 85' lang='lat' dir='ltr'>intra</span> <span class='ocrx_word' id='word_1_64' title='bbox 528 1352 574 1398; x_wconf 90' lang='lat' dir='ltr'>se:</span> <span class='ocrx_word' id='word_1_65' title='bbox 612 1334 693 1397; x_wconf 70' lang='lat' dir='ltr'>„lam</span> <span class='ocrx_word' id='word_1_66' title='bbox 724 1332 859 1397; x_wconf 85' lang='lat' dir='ltr'>secunda</span> <span class='ocrx_word' id='word_1_67' title='bbox 890 1333 1042 1414; x_wconf 84' lang='lat' dir='ltr'>sapiencia</span> <span class='ocrx_word' id='word_1_68' title='bbox 1072 1333 1164 1397; x_wconf 87' lang='lat' dir='ltr'>vitam</span> <span class='ocrx_word' id='word_1_69' title='bbox 1196 1352 1295 1397; x_wconf 88' lang='lat' dir='ltr'>meam</span> <span class='ocrx_word' id='word_1_70' title='bbox 1327 1335 1476 1397; x_wconf 83' lang='lat' dir='ltr'>saluauit.u</span> 
     </span>
     <span class='ocr_line' id='line_1_10' title="bbox 359 1421 1479 1503; baseline -0.002 -16"><span class='ocrx_word' id='word_1_71' title='bbox 359 1448 413 1493; x_wconf 69' lang='lat' dir='ltr'>roos</span> <span class='ocrx_word' id='word_1_72' title='bbox 423 1433 452 1487; x_wconf 88' lang='grc'>4.</span> <span class='ocrx_word' id='word_1_73' title='bbox 488 1424 532 1486; x_wconf 93' lang='lat' dir='ltr'>llli</span> <span class='ocrx_word' id='word_1_74' title='bbox 562 1423 602 1485; x_wconf 93' lang='lat' dir='ltr'>de</span> <span class='ocrx_word' id='word_1_75' title='bbox 634 1422 765 1503; x_wconf 89' lang='lat' dir='ltr'>imperio</span> <span class='ocrx_word' id='word_1_76' title='bbox 793 1421 940 1501; x_wconf 83' lang='lat' dir='ltr'>videntes,</span> <span class='ocrx_word' id='word_1_77' title='bbox 975 1422 1061 1502; x_wconf 92' lang='lat' dir='ltr'>quod</span> <span class='ocrx_word' id='word_1_78' title='bbox 1096 1440 1152 1503; x_wconf 89' lang='lat' dir='ltr'>per</span> <span class='ocrx_word' id='word_1_79' title='bbox 1184 1422 1267 1485; x_wconf 89' lang='lat' dir='ltr'>illam</span> <span class='ocrx_word' id='word_1_80' title='bbox 1299 1424 1377 1487; x_wconf 89' lang='lat' dir='ltr'>viam</span> <span class='ocrx_word' id='word_1_81' title='bbox 1410 1441 1479 1486; x_wconf 93' lang='lat' dir='ltr'>eum</span> 
     </span>
     <span class='ocr_line' id='line_1_11' title="bbox 421 1510 1481 1592; baseline -0.002 -15"><span class='ocrx_word' id='word_1_82' title='bbox 421 1512 561 1577; x_wconf 85' lang='lat' dir='ltr'>occidere</span> <span class='ocrx_word' id='word_1_83' title='bbox 584 1529 647 1574; x_wconf 91' lang='lat' dir='ltr'>non</span> <span class='ocrx_word' id='word_1_84' title='bbox 671 1516 804 1592; x_wconf 77' lang='lat' dir='ltr'>possent,</span> <span class='ocrx_word' id='word_1_85' title='bbox 829 1510 906 1575; x_wconf 92' lang='lat' dir='ltr'>inter</span> <span class='ocrx_word' id='word_1_86' title='bbox 928 1529 961 1575; x_wconf 92' lang='lat' dir='ltr'>se</span> <span class='ocrx_word' id='word_1_87' title='bbox 981 1511 1205 1591; x_wconf 87' lang='lat' dir='ltr'>conspirabant,</span> <span class='ocrx_word' id='word_1_88' title='bbox 1229 1512 1390 1592; x_wconf 94' lang='lat' dir='ltr'>quomodo</span> <span class='ocrx_word' id='word_1_89' title='bbox 1411 1531 1481 1575; x_wconf 92' lang='lat' dir='ltr'>eum</span> 
     </span>
     <span class='ocr_line' id='line_1_12' title="bbox 421 1600 1483 1679; baseline 0.001 -16"><span class='ocrx_word' id='word_1_90' title='bbox 421 1604 571 1679; x_wconf 88' lang='lat' dir='ltr'>necarent,</span> <span class='ocrx_word' id='word_1_91' title='bbox 594 1601 798 1679; x_wconf 87' lang='lat' dir='ltr'>dixeruntque</span> <span class='ocrx_word' id='word_1_92' title='bbox 814 1601 892 1663; x_wconf 86' lang='lat' dir='ltr'>inter</span> <span class='ocrx_word' id='word_1_93' title='bbox 906 1618 952 1663; x_wconf 91' lang='lat' dir='ltr'>se:</span> <span class='ocrx_word' id='word_1_94' title='bbox 980 1600 1063 1665; x_wconf 77' lang='lat' dir='ltr'>„Tali</span> <span class='ocrx_word' id='word_1_95' title='bbox 1087 1600 1138 1663; x_wconf 93' lang='lat' dir='ltr'>dle</span> <span class='ocrx_word' id='word_1_96' title='bbox 1162 1601 1217 1664; x_wconf 90' lang='lat' dir='ltr'>erit</span> <span class='ocrx_word' id='word_1_97' title='bbox 1239 1601 1271 1663; x_wconf 88' lang='lat' dir='ltr'>in</span> <span class='ocrx_word' id='word_1_98' title='bbox 1295 1603 1345 1664; x_wconf 92' lang='lat' dir='ltr'>tali</span> <span class='ocrx_word' id='word_1_99' title='bbox 1368 1602 1483 1665; x_wconf 91' lang='lat' dir='ltr'>ciuitate</span> 
     </span>
     <span class='ocr_line' id='line_1_13' title="bbox 421 1688 1483 1771; baseline 0 -18"><span class='ocrx_word' id='word_1_100' title='bbox 421 1690 591 1771; x_wconf 89' lang='lat' dir='ltr'>hospitatus</span> <span class='ocrx_word' id='word_1_101' title='bbox 613 1708 684 1753; x_wconf 89' lang='lat' dir='ltr'>cum</span> <span class='ocrx_word' id='word_1_102' title='bbox 707 1689 767 1766; x_wconf 88' lang='lat' dir='ltr'>tali,</span> <span class='ocrx_word' id='word_1_103' title='bbox 800 1690 831 1751; x_wconf 91' lang='lat' dir='ltr'>in</span> <span class='ocrx_word' id='word_1_104' title='bbox 865 1707 927 1769; x_wconf 91' lang='lat' dir='ltr'>qua</span> <span class='ocrx_word' id='word_1_105' title='bbox 956 1688 1053 1753; x_wconf 93' lang='lat' dir='ltr'>domo</span> <span class='ocrx_word' id='word_1_106' title='bbox 1077 1707 1187 1752; x_wconf 86' lang='lat' dir='ltr'>omnes</span> <span class='ocrx_word' id='word_1_107' title='bbox 1217 1691 1386 1754; x_wconf 90' lang='lat' dir='ltr'>nobiliores</span> <span class='ocrx_word' id='word_1_108' title='bbox 1413 1691 1483 1754; x_wconf 90' lang='lat' dir='ltr'>hos-</span> 
     </span>
     <span class='ocr_line' id='line_1_14' title="bbox 422 1778 1483 1861; baseline 0 -20"><span class='ocrx_word' id='word_1_109' title='bbox 422 1780 562 1861; x_wconf 83' lang='lat' dir='ltr'>pitantur,</span> <span class='ocrx_word' id='word_1_110' title='bbox 585 1779 658 1858; x_wconf 90' lang='lat' dir='ltr'>quia</span> <span class='ocrx_word' id='word_1_111' title='bbox 681 1796 744 1842; x_wconf 89' lang='lat' dir='ltr'>uon</span> <span class='ocrx_word' id='word_1_112' title='bbox 768 1783 813 1841; x_wconf 88' lang='lat' dir='ltr'>est</span> <span class='ocrx_word' id='word_1_113' title='bbox 834 1779 894 1841; x_wconf 91' lang='lat' dir='ltr'>alia</span> <span class='ocrx_word' id='word_1_114' title='bbox 909 1778 1024 1842; x_wconf 88' lang='lat' dir='ltr'>domus</span> <span class='ocrx_word' id='word_1_115' title='bbox 1047 1778 1105 1841; x_wconf 92' lang='lat' dir='ltr'>nisi</span> <span class='ocrx_word' id='word_1_116' title='bbox 1130 1778 1180 1842; x_wconf 90' lang='lat' dir='ltr'>illa</span> <span class='ocrx_word' id='word_1_117' title='bbox 1203 1780 1270 1842; x_wconf 89' lang='lat' dir='ltr'>sola</span> <span class='ocrx_word' id='word_1_118' title='bbox 1293 1798 1351 1860; x_wconf 91' lang='lat' dir='ltr'>pro</span> <span class='ocrx_word' id='word_1_119' title='bbox 1375 1780 1483 1843; x_wconf 90' lang='lat' dir='ltr'>nobili-</span> 
     </span>
     <span class='ocr_line' id='line_1_15' title="bbox 359 1868 1482 1950; baseline -0.004 -14"><span class='ocrx_word' id='word_1_120' title='bbox 359 1869 538 1937; x_wconf 78' lang='lat' dir='ltr'>sonoribus.</span> <span class='ocrx_word' id='word_1_121' title='bbox 585 1868 806 1931; x_wconf 82' lang='lat' dir='ltr'>Conduoamus</span> <span class='ocrx_word' id='word_1_122' title='bbox 830 1868 982 1948; x_wconf 86' lang='lat' dir='ltr'>hospitem</span> <span class='ocrx_word' id='word_1_123' title='bbox 1006 1885 1076 1931; x_wconf 91' lang='lat' dir='ltr'>cum</span> <span class='ocrx_word' id='word_1_124' title='bbox 1096 1886 1191 1931; x_wconf 91' lang='lat' dir='ltr'>vxore</span> <span class='ocrx_word' id='word_1_125' title='bbox 1214 1869 1327 1950; x_wconf 88' lang='lat' dir='ltr'>precio,</span> <span class='ocrx_word' id='word_1_126' title='bbox 1351 1872 1390 1947; x_wconf 95' lang='lat' dir='ltr'>ut,</span> <span class='ocrx_word' id='word_1_127' title='bbox 1414 1887 1482 1932; x_wconf 92' lang='lat' dir='ltr'>cum</span> 
     </span>
     <span class='ocr_line' id='line_1_16' title="bbox 421 1955 1485 2039; baseline 0.002 -20"><span class='ocrx_word' id='word_1_128' title='bbox 421 1958 586 2038; x_wconf 88' lang='lat' dir='ltr'>imperator</span> <span class='ocrx_word' id='word_1_129' title='bbox 600 1956 767 2034; x_wconf 90' lang='lat' dir='ltr'>dormierit,</span> <span class='ocrx_word' id='word_1_130' title='bbox 791 1956 877 2019; x_wconf 93' lang='lat' dir='ltr'>illum</span> <span class='ocrx_word' id='word_1_131' title='bbox 902 1955 1076 2020; x_wconf 78' lang='lat' dir='ltr'>occidantl¹‘</span> <span class='ocrx_word' id='word_1_132' title='bbox 1117 1955 1199 2020; x_wconf 91' lang='lat' dir='ltr'>Cum</span> <span class='ocrx_word' id='word_1_133' title='bbox 1223 1976 1297 2021; x_wconf 90' lang='lat' dir='ltr'>vero</span> <span class='ocrx_word' id='word_1_134' title='bbox 1322 1958 1485 2039; x_wconf 88' lang='lat' dir='ltr'>imperator</span> 
     </span>
     <span class='ocr_line' id='line_1_17' title="bbox 420 2046 1484 2127; baseline 0 -18"><span class='ocrx_word' id='word_1_135' title='bbox 420 2046 458 2109; x_wconf 93' lang='lat' dir='ltr'>ad</span> <span class='ocrx_word' id='word_1_136' title='bbox 483 2047 565 2109; x_wconf 90' lang='lat' dir='ltr'>illam</span> <span class='ocrx_word' id='word_1_137' title='bbox 590 2046 738 2110; x_wconf 77' lang='lat' dir='ltr'>ciuibtem</span> <span class='ocrx_word' id='word_1_138' title='bbox 764 2046 895 2109; x_wconf 90' lang='lat' dir='ltr'>venisset</span> <span class='ocrx_word' id='word_1_139' title='bbox 918 2046 999 2108; x_wconf 89' lang='lat' dir='ltr'>etin</span> <span class='ocrx_word' id='word_1_140' title='bbox 1024 2046 1082 2109; x_wconf 88' lang='lat' dir='ltr'>ede</span> <span class='ocrx_word' id='word_1_141' title='bbox 1105 2046 1155 2109; x_wconf 93' lang='lat' dir='ltr'>illa</span> <span class='ocrx_word' id='word_1_142' title='bbox 1178 2046 1349 2127; x_wconf 88' lang='lat' dir='ltr'>hospitatus</span> <span class='ocrx_word' id='word_1_143' title='bbox 1372 2048 1484 2125; x_wconf 84' lang='lat' dir='ltr'>luisset,</span> 
     </span>
     <span class='ocr_line' id='line_1_18' title="bbox 420 2134 1485 2216; baseline 0.001 -17"><span class='ocrx_word' id='word_1_144' title='bbox 420 2136 519 2199; x_wconf 88' lang='lat' dir='ltr'>statim</span> <span class='ocrx_word' id='word_1_145' title='bbox 554 2135 625 2199; x_wconf 89' lang='lat' dir='ltr'>tecit</span> <span class='ocrx_word' id='word_1_146' title='bbox 657 2153 766 2199; x_wconf 90' lang='lat' dir='ltr'>vocare</span> <span class='ocrx_word' id='word_1_147' title='bbox 795 2135 834 2198; x_wconf 91' lang='lat' dir='ltr'>ad</span> <span class='ocrx_word' id='word_1_148' title='bbox 865 2152 899 2197; x_wconf 89' lang='lat' dir='ltr'>se</span> <span class='ocrx_word' id='word_1_149' title='bbox 934 2134 1085 2216; x_wconf 89' lang='lat' dir='ltr'>hospitem</span> <span class='ocrx_word' id='word_1_150' title='bbox 1120 2136 1242 2199; x_wconf 90' lang='lat' dir='ltr'>domus.</span> <span class='ocrx_word' id='word_1_151' title='bbox 1296 2136 1379 2199; x_wconf 87' lang='lat' dir='ltr'>Cum</span> <span class='ocrx_word' id='word_1_152' title='bbox 1412 2155 1485 2201; x_wconf 91' lang='lat' dir='ltr'>vero</span> 
     </span>
     <span class='ocr_line' id='line_1_19' title="bbox 421 2224 1486 2306; baseline 0.001 -18"><span class='ocrx_word' id='word_1_153' title='bbox 421 2225 535 2305; x_wconf 87' lang='lat' dir='ltr'>hospes</span> <span class='ocrx_word' id='word_1_154' title='bbox 558 2224 732 2306; x_wconf 87' lang='lat' dir='ltr'>imperatori</span> <span class='ocrx_word' id='word_1_155' title='bbox 756 2224 862 2287; x_wconf 81' lang='lat' dir='ltr'>luisset</span> <span class='ocrx_word' id='word_1_156' title='bbox 886 2228 1082 2304; x_wconf 86' lang='lat' dir='ltr'>presentatus,</span> <span class='ocrx_word' id='word_1_157' title='bbox 1110 2224 1250 2305; x_wconf 87' lang='lat' dir='ltr'>apparuit</span> <span class='ocrx_word' id='word_1_158' title='bbox 1273 2225 1370 2289; x_wconf 92' lang='lat' dir='ltr'>homo</span> <span class='ocrx_word' id='word_1_159' title='bbox 1393 2243 1486 2289; x_wconf 89' lang='lat' dir='ltr'>senex</span> 
     </span>
     <span class='ocr_line' id='line_1_20' title="bbox 359 2312 1484 2394; baseline -0.004 -13"><span class='ocrx_word' id='word_1_160' title='bbox 359 2314 517 2382; x_wconf 79' lang='lat' dir='ltr'>romualde.</span> <span class='ocrx_word' id='word_1_161' title='bbox 555 2313 606 2376; x_wconf 79' lang='lat' dir='ltr'>nit</span> <span class='ocrx_word' id='word_1_162' title='bbox 628 2314 805 2394; x_wconf 88' lang='lat' dir='ltr'>imperator:</span> <span class='ocrx_word' id='word_1_163' title='bbox 832 2312 1014 2392; x_wconf 76' lang='lat' dir='ltr'>„Numquid</span> <span class='ocrx_word' id='word_1_164' title='bbox 1038 2330 1164 2375; x_wconf 87' lang='lat' dir='ltr'>uxorem</span> <span class='ocrx_word' id='word_1_165' title='bbox 1189 2314 1326 2376; x_wconf 77' lang='lat' dir='ltr'>habes?u</span> <span class='ocrx_word' id='word_1_166' title='bbox 1367 2315 1407 2378; x_wconf 80' lang='lat' dir='ltr'>nt</span> <span class='ocrx_word' id='word_1_167' title='bbox 1423 2314 1484 2379; x_wconf 90' lang='lat' dir='ltr'>ille:</span> 
     </span>
     <span class='ocr_line' id='line_1_21' title="bbox 425 2400 1485 2481; baseline -0.003 -13"><span class='ocrx_word' id='word_1_168' title='bbox 425 2403 556 2481; x_wconf 67' lang='lat' dir='ltr'>fficiam,</span> <span class='ocrx_word' id='word_1_169' title='bbox 580 2403 734 2466; x_wconf 73' lang='lat' dir='ltr'>domine.t</span> <span class='ocrx_word' id='word_1_170' title='bbox 776 2400 839 2476; x_wconf 90' lang='lat' dir='ltr'>Qui</span> <span class='ocrx_word' id='word_1_171' title='bbox 854 2401 915 2463; x_wconf 86' lang='lat' dir='ltr'>ait:</span> <span class='ocrx_word' id='word_1_172' title='bbox 943 2401 1101 2465; x_wconf 79' lang='lat' dir='ltr'>„Ostende</span> <span class='ocrx_word' id='word_1_173' title='bbox 1124 2402 1216 2466; x_wconf 89' lang='lat' dir='ltr'>michi</span> <span class='ocrx_word' id='word_1_174' title='bbox 1240 2404 1342 2465; x_wconf 73' lang='lat' dir='ltr'>eam!u</span> <span class='ocrx_word' id='word_1_175' title='bbox 1381 2403 1485 2478; x_wconf 90' lang='lat' dir='ltr'>Quam</span> 
     </span>
     <span class='ocr_line' id='line_1_22' title="bbox 422 2490 1487 2573; baseline 0 -16"><span class='ocrx_word' id='word_1_176' title='bbox 422 2510 491 2557; x_wconf 91' lang='lat' dir='ltr'>cum</span> <span class='ocrx_word' id='word_1_177' title='bbox 524 2509 576 2557; x_wconf 91' lang='lat' dir='ltr'>rex</span> <span class='ocrx_word' id='word_1_178' title='bbox 605 2491 738 2569; x_wconf 83' lang='lat' dir='ltr'>vidisset,</span> <span class='ocrx_word' id='word_1_179' title='bbox 772 2490 912 2573; x_wconf 87' lang='lat' dir='ltr'>apparuit</span> <span class='ocrx_word' id='word_1_180' title='bbox 943 2490 1105 2554; x_wconf 90' lang='lat' dir='ltr'>iuuencula</span> <span class='ocrx_word' id='word_1_181' title='bbox 1138 2491 1317 2572; x_wconf 86' lang='lat' dir='ltr'>habensque</span> <span class='ocrx_word' id='word_1_182' title='bbox 1348 2492 1380 2555; x_wconf 89' lang='lat' dir='ltr'>in</span> <span class='ocrx_word' id='word_1_183' title='bbox 1411 2498 1487 2557; x_wconf 82' lang='lat' dir='ltr'>etate</span> 
     </span>
     <span class='ocr_line' id='line_1_23' title="bbox 402 2580 1488 2660; baseline 0.002 -16"><span class='ocrx_word' id='word_1_184' title='bbox 402 2583 502 2646; x_wconf 85' lang='lat' dir='ltr'>&#39;XVll</span> <span class='ocrx_word' id='word_1_185' title='bbox 533 2599 641 2645; x_wconf 87' lang='lat' dir='ltr'>annos.</span> <span class='ocrx_word' id='word_1_186' title='bbox 695 2582 863 2660; x_wconf 87' lang='lat' dir='ltr'>lmperator</span> <span class='ocrx_word' id='word_1_187' title='bbox 894 2598 964 2643; x_wconf 91' lang='lat' dir='ltr'>cum</span> <span class='ocrx_word' id='word_1_188' title='bbox 995 2580 1055 2643; x_wconf 92' lang='lat' dir='ltr'>hoc</span> <span class='ocrx_word' id='word_1_189' title='bbox 1084 2581 1217 2656; x_wconf 88' lang='lat' dir='ltr'>vidisset,</span> <span class='ocrx_word' id='word_1_190' title='bbox 1247 2581 1288 2644; x_wconf 93' lang='lat' dir='ltr'>ait</span> <span class='ocrx_word' id='word_1_191' title='bbox 1318 2583 1488 2646; x_wconf 88' lang='lat' dir='ltr'>camerario</span> 
     </span>
     <span class='ocr_line' id='line_1_24' title="bbox 420 2669 1489 2750; baseline 0 -16"><span class='ocrx_word' id='word_1_192' title='bbox 420 2689 492 2735; x_wconf 91' lang='lat' dir='ltr'>suo:</span> <span class='ocrx_word' id='word_1_193' title='bbox 526 2670 631 2738; x_wconf 76' lang='lat' dir='ltr'>„Vade</span> <span class='ocrx_word' id='word_1_194' title='bbox 657 2670 717 2733; x_wconf 90' lang='lat' dir='ltr'>cito</span> <span class='ocrx_word' id='word_1_195' title='bbox 745 2674 774 2732; x_wconf 93' lang='lat' dir='ltr'>et</span> <span class='ocrx_word' id='word_1_196' title='bbox 800 2669 873 2732; x_wconf 91' lang='lat' dir='ltr'>alibi</span> <span class='ocrx_word' id='word_1_197' title='bbox 906 2686 1033 2750; x_wconf 90' lang='lat' dir='ltr'>prepara</span> <span class='ocrx_word' id='word_1_198' title='bbox 1062 2670 1154 2732; x_wconf 92' lang='lat' dir='ltr'>michi</span> <span class='ocrx_word' id='word_1_199' title='bbox 1183 2671 1303 2748; x_wconf 90' lang='lat' dir='ltr'>lectum,</span> <span class='ocrx_word' id='word_1_200' title='bbox 1335 2672 1408 2750; x_wconf 92' lang='lat' dir='ltr'>quia</span> <span class='ocrx_word' id='word_1_201' title='bbox 1438 2671 1489 2735; x_wconf 93' lang='lat' dir='ltr'>hic</span> 
     </span>
     <span class='ocr_line' id='line_1_25' title="bbox 359 2757 1488 2840; baseline -0.004 -12"><span class='ocrx_word' id='word_1_202' title='bbox 359 2779 485 2828; x_wconf 78' lang='lat' dir='ltr'>sunnon</span> <span class='ocrx_word' id='word_1_203' title='bbox 510 2760 649 2824; x_wconf 80' lang='lat' dir='ltr'>iacebo!u</span> <span class='ocrx_word' id='word_1_204' title='bbox 697 2759 738 2822; x_wconf 83' lang='lat' dir='ltr'>At</span> <span class='ocrx_word' id='word_1_205' title='bbox 760 2759 822 2823; x_wconf 92' lang='lat' dir='ltr'>ille:</span> <span class='ocrx_word' id='word_1_206' title='bbox 857 2758 908 2824; x_wconf 68' lang='grc' dir='ltr'>»Ο</span> <span class='ocrx_word' id='word_1_207' title='bbox 939 2757 1075 2835; x_wconf 90' lang='lat' dir='ltr'>domine,</span> <span class='ocrx_word' id='word_1_208' title='bbox 1106 2776 1180 2822; x_wconf 89' lang='lat' dir='ltr'>cena</span> <span class='ocrx_word' id='word_1_209' title='bbox 1209 2763 1254 2822; x_wconf 86' lang='lat' dir='ltr'>est</span> <span class='ocrx_word' id='word_1_210' title='bbox 1284 2764 1386 2840; x_wconf 90' lang='lat' dir='ltr'>parata</span> <span class='ocrx_word' id='word_1_211' title='bbox 1413 2779 1488 2824; x_wconf 92' lang='lat' dir='ltr'>cum</span> 
     </span>
     <span class='ocr_line' id='line_1_26' title="bbox 421 2847 1489 2928; baseline 0.001 -17"><span class='ocrx_word' id='word_1_212' title='bbox 421 2852 513 2928; x_wconf 70' lang='lat' dir='ltr'>lecto,</span> <span class='ocrx_word' id='word_1_213' title='bbox 544 2866 608 2912; x_wconf 91' lang='lat' dir='ltr'>non</span> <span class='ocrx_word' id='word_1_214' title='bbox 632 2852 710 2912; x_wconf 91' lang='lat' dir='ltr'>esset</span> <span class='ocrx_word' id='word_1_215' title='bbox 733 2849 852 2911; x_wconf 93' lang='lat' dir='ltr'>bonum</span> <span class='ocrx_word' id='word_1_216' title='bbox 877 2847 937 2910; x_wconf 89' lang='lat' dir='ltr'>iam</span> <span class='ocrx_word' id='word_1_217' title='bbox 968 2847 1141 2927; x_wconf 91' lang='lat' dir='ltr'>hospicium</span> <span class='ocrx_word' id='word_1_218' title='bbox 1169 2848 1328 2927; x_wconf 89' lang='lat' dir='ltr'>dimittere,</span> <span class='ocrx_word' id='word_1_219' title='bbox 1356 2849 1430 2928; x_wconf 92' lang='lat' dir='ltr'>quia</span> <span class='ocrx_word' id='word_1_220' title='bbox 1456 2851 1489 2912; x_wconf 91' lang='lat' dir='ltr'>in</span> 
     </span>
     <span class='ocr_line' id='line_1_27' title="bbox 420 2936 1489 3018; baseline 0 -16"><span class='ocrx_word' id='word_1_221' title='bbox 420 2943 482 3002; x_wconf 78' lang='lat' dir='ltr'>tob</span> <span class='ocrx_word' id='word_1_222' title='bbox 504 2939 623 3002; x_wconf 88' lang='lat' dir='ltr'>ciuitate</span> <span class='ocrx_word' id='word_1_223' title='bbox 646 2955 708 3000; x_wconf 89' lang='lat' dir='ltr'>non</span> <span class='ocrx_word' id='word_1_224' title='bbox 730 2941 775 3000; x_wconf 90' lang='lat' dir='ltr'>est</span> <span class='ocrx_word' id='word_1_225' title='bbox 798 2937 971 3018; x_wconf 85' lang='lat' dir='ltr'>hospicium</span> <span class='ocrx_word' id='word_1_226' title='bbox 994 2936 1097 2999; x_wconf 91' lang='lat' dir='ltr'>vtilius</span> <span class='ocrx_word' id='word_1_227' title='bbox 1121 2955 1178 3018; x_wconf 89' lang='lat' dir='ltr'>pro</span> <span class='ocrx_word' id='word_1_228' title='bbox 1202 2937 1320 3001; x_wconf 81' lang='lat' dir='ltr'>uobis.u</span> <span class='ocrx_word' id='word_1_229' title='bbox 1358 2937 1398 3001; x_wconf 80' lang='lat' dir='ltr'>nt</span> <span class='ocrx_word' id='word_1_230' title='bbox 1421 2939 1489 3002; x_wconf 89' lang='lat' dir='ltr'>ille:</span> 
     </span>
     <span class='ocr_line' id='line_1_28' title="bbox 424 3025 1492 3109; baseline -0.003 -14"><span class='ocrx_word' id='word_1_231' title='bbox 424 3029 479 3097; x_wconf 76' lang='lat' dir='ltr'>„et</span> <span class='ocrx_word' id='word_1_232' title='bbox 502 3046 561 3109; x_wconf 86' lang='lat' dir='ltr'>ego</span> <span class='ocrx_word' id='word_1_233' title='bbox 584 3026 638 3090; x_wconf 91' lang='lat' dir='ltr'>tibi</span> <span class='ocrx_word' id='word_1_234' title='bbox 654 3026 733 3105; x_wconf 89' lang='lat' dir='ltr'>dico,</span> <span class='ocrx_word' id='word_1_235' title='bbox 757 3026 830 3105; x_wconf 90' lang='lat' dir='ltr'>quia</span> <span class='ocrx_word' id='word_1_236' title='bbox 844 3026 917 3089; x_wconf 90' lang='lat' dir='ltr'>alibi</span> <span class='ocrx_word' id='word_1_237' title='bbox 934 3026 1030 3089; x_wconf 89' lang='lat' dir='ltr'>iacere</span> <span class='ocrx_word' id='word_1_238' title='bbox 1044 3025 1146 3089; x_wconf 83' lang='lat' dir='ltr'>volo.u</span> <span class='ocrx_word' id='word_1_239' title='bbox 1181 3026 1285 3089; x_wconf 87' lang='lat' dir='ltr'>Statim</span> <span class='ocrx_word' id='word_1_240' title='bbox 1302 3028 1492 3092; x_wconf 88' lang='lat' dir='ltr'>camerarius</span> 
     </span>
     <span class='ocr_line' id='line_1_29' title="bbox 421 3115 1492 3195; baseline 0 -14"><span class='ocrx_word' id='word_1_241' title='bbox 421 3117 526 3181; x_wconf 88' lang='lat' dir='ltr'>omnia</span> <span class='ocrx_word' id='word_1_242' title='bbox 549 3117 701 3192; x_wconf 90' lang='lat' dir='ltr'>mouebat,</span> <span class='ocrx_word' id='word_1_243' title='bbox 732 3119 761 3178; x_wconf 95' lang='lat' dir='ltr'>et</span> <span class='ocrx_word' id='word_1_244' title='bbox 784 3133 837 3178; x_wconf 90' lang='lat' dir='ltr'>rex</span> <span class='ocrx_word' id='word_1_245' title='bbox 858 3115 897 3177; x_wconf 89' lang='lat' dir='ltr'>ad</span> <span class='ocrx_word' id='word_1_246' title='bbox 921 3115 1004 3178; x_wconf 92' lang='lat' dir='ltr'>aliud</span> <span class='ocrx_word' id='word_1_247' title='bbox 1033 3115 1206 3195; x_wconf 89' lang='lat' dir='ltr'>hospicium</span> <span class='ocrx_word' id='word_1_248' title='bbox 1237 3115 1292 3178; x_wconf 91' lang='lat' dir='ltr'>luit</span> <span class='ocrx_word' id='word_1_249' title='bbox 1314 3117 1435 3179; x_wconf 88' lang='lat' dir='ltr'>occulte</span> <span class='ocrx_word' id='word_1_250' title='bbox 1461 3123 1492 3181; x_wconf 89' lang='lat' dir='ltr'>et</span> 
     </span>
     <span class='ocr_line' id='line_1_30' title="bbox 358 3203 1491 3286; baseline -0.004 -13"><span class='ocrx_word' id='word_1_251' title='bbox 358 3228 412 3273; x_wconf 76' lang='lat'>1025</span> <span class='ocrx_word' id='word_1_252' title='bbox 421 3206 496 3269; x_wconf 90' lang='lat' dir='ltr'>dixit</span> <span class='ocrx_word' id='word_1_253' title='bbox 519 3206 667 3269; x_wconf 89' lang='lat' dir='ltr'>militibus</span> <span class='ocrx_word' id='word_1_254' title='bbox 688 3204 768 3267; x_wconf 89' lang='lat' dir='ltr'>suis:</span> <span class='ocrx_word' id='word_1_255' title='bbox 802 3205 893 3282; x_wconf 69' lang='lat' dir='ltr'>nvos,</span> <span class='ocrx_word' id='word_1_256' title='bbox 925 3204 978 3284; x_wconf 90' lang='lat' dir='ltr'>qui</span> <span class='ocrx_word' id='word_1_257' title='bbox 1001 3203 1092 3267; x_wconf 89' lang='lat' dir='ltr'>vultis</span> <span class='ocrx_word' id='word_1_258' title='bbox 1115 3205 1166 3268; x_wconf 89' lang='lat' dir='ltr'>hic</span> <span class='ocrx_word' id='word_1_259' title='bbox 1188 3222 1319 3282; x_wconf 90' lang='lat' dir='ltr'>manere,</span> <span class='ocrx_word' id='word_1_260' title='bbox 1350 3207 1491 3286; x_wconf 88' lang='lat' dir='ltr'>potestis,</span> 
     </span>
     <span class='ocr_line' id='line_1_31' title="bbox 420 3293 1491 3374; baseline 0 -16"><span class='ocrx_word' id='word_1_261' title='bbox 420 3294 475 3359; x_wconf 90' lang='lat' dir='ltr'>sed</span> <span class='ocrx_word' id='word_1_262' title='bbox 498 3295 558 3359; x_wconf 90' lang='lat' dir='ltr'>cito</span> <span class='ocrx_word' id='word_1_263' title='bbox 585 3293 624 3357; x_wconf 90' lang='lat' dir='ltr'>ad</span> <span class='ocrx_word' id='word_1_264' title='bbox 653 3311 710 3371; x_wconf 89' lang='lat' dir='ltr'>me,</span> <span class='ocrx_word' id='word_1_265' title='bbox 742 3311 823 3357; x_wconf 84' lang='lat' dir='ltr'>cum</span> <span class='ocrx_word' id='word_1_266' title='bbox 837 3294 904 3356; x_wconf 90' lang='lat' dir='ltr'>dies</span> <span class='ocrx_word' id='word_1_267' title='bbox 926 3293 1005 3371; x_wconf 90' lang='lat' dir='ltr'>assit,</span> <span class='ocrx_word' id='word_1_268' title='bbox 1035 3293 1197 3356; x_wconf 80' lang='lat' dir='ltr'>veniatis!u</span> <span class='ocrx_word' id='word_1_269' title='bbox 1247 3293 1291 3356; x_wconf 93' lang='lat' dir='ltr'>llli</span> <span class='ocrx_word' id='word_1_270' title='bbox 1314 3311 1388 3356; x_wconf 90' lang='lat' dir='ltr'>vero</span> <span class='ocrx_word' id='word_1_271' title='bbox 1412 3313 1491 3374; x_wconf 89' lang='lat' dir='ltr'>pro-</span> 
     </span>
     <span class='ocr_line' id='line_1_32' title="bbox 421 3381 1493 3448; baseline 0.003 -2"><span class='ocrx_word' id='word_1_272' title='bbox 421 3384 569 3447; x_wconf 90' lang='lat' dir='ltr'>miserunt</span> <span class='ocrx_word' id='word_1_273' title='bbox 590 3402 624 3447; x_wconf 93' lang='lat' dir='ltr'>se</span> <span class='ocrx_word' id='word_1_274' title='bbox 647 3401 713 3447; x_wconf 87' lang='lat' dir='ltr'>esse</span> <span class='ocrx_word' id='word_1_275' title='bbox 736 3388 891 3447; x_wconf 89' lang='lat' dir='ltr'>venturos.</span> <span class='ocrx_word' id='word_1_276' title='bbox 938 3381 1019 3445; x_wconf 89' lang='lat' dir='ltr'>Cum</span> <span class='ocrx_word' id='word_1_277' title='bbox 1051 3387 1151 3445; x_wconf 90' lang='lat' dir='ltr'>autem</span> <span class='ocrx_word' id='word_1_278' title='bbox 1182 3399 1292 3446; x_wconf 90' lang='lat' dir='ltr'>omnes</span> <span class='ocrx_word' id='word_1_279' title='bbox 1314 3383 1493 3448; x_wconf 87' lang='lat' dir='ltr'>dormirent</span> 
     </span>
     <span class='ocr_line' id='line_1_33' title="bbox 421 3472 1492 3552; baseline 0.002 -16"><span class='ocrx_word' id='word_1_280' title='bbox 421 3474 452 3536; x_wconf 92' lang='lat' dir='ltr'>ln</span> <span class='ocrx_word' id='word_1_281' title='bbox 492 3473 586 3552; x_wconf 76' lang='lat' dir='ltr'>lectiS,</span> <span class='ocrx_word' id='word_1_282' title='bbox 624 3489 718 3536; x_wconf 90' lang='lat' dir='ltr'>senex</span> <span class='ocrx_word' id='word_1_283' title='bbox 756 3489 826 3536; x_wconf 88' lang='lat' dir='ltr'>cum</span> <span class='ocrx_word' id='word_1_284' title='bbox 865 3489 960 3535; x_wconf 83' lang='lat' dir='ltr'>uxore</span> <span class='ocrx_word' id='word_1_285' title='bbox 997 3489 1053 3534; x_wconf 92' lang='lat' dir='ltr'>sua</span> <span class='ocrx_word' id='word_1_286' title='bbox 1090 3472 1230 3550; x_wconf 88' lang='lat' dir='ltr'>surrexit,</span> <span class='ocrx_word' id='word_1_287' title='bbox 1270 3472 1342 3552; x_wconf 92' lang='lat' dir='ltr'>quia</span> <span class='ocrx_word' id='word_1_288' title='bbox 1380 3473 1492 3552; x_wconf 88' lang='lat' dir='ltr'>precio</span> 
     </span>
     <span class='ocr_line' id='line_1_34' title="bbox 420 3559 1490 3641; baseline 0 -15"><span class='ocrx_word' id='word_1_289' title='bbox 420 3561 562 3626; x_wconf 93' lang='lat' dir='ltr'>conducti</span> <span class='ocrx_word' id='word_1_290' title='bbox 594 3566 686 3639; x_wconf 90' lang='lat' dir='ltr'>erant,</span> <span class='ocrx_word' id='word_1_291' title='bbox 719 3566 752 3625; x_wconf 96' lang='lat' dir='ltr'>ut</span> <span class='ocrx_word' id='word_1_292' title='bbox 782 3579 885 3641; x_wconf 89' lang='lat' dir='ltr'>regem</span> <span class='ocrx_word' id='word_1_293' title='bbox 917 3559 1121 3624; x_wconf 88' lang='lat' dir='ltr'>dormientem</span> <span class='ocrx_word' id='word_1_294' title='bbox 1153 3561 1337 3640; x_wconf 89' lang='lat' dir='ltr'>occiderent;</span> <span class='ocrx_word' id='word_1_295' title='bbox 1372 3561 1426 3624; x_wconf 89' lang='lat' dir='ltr'>sed</span> <span class='ocrx_word' id='word_1_296' title='bbox 1455 3563 1490 3626; x_wconf 93' lang='lat' dir='ltr'>in</span> 
     </span>
     <span class='ocr_line' id='line_1_35' title="bbox 358 3649 1489 3732; baseline -0.001 -15"><span class='ocrx_word' id='word_1_297' title='bbox 358 3674 411 3720; x_wconf 84' lang='lat' dir='ltr'>1ooo</span> <span class='ocrx_word' id='word_1_298' title='bbox 421 3669 484 3732; x_wconf 93' lang='lat' dir='ltr'>quo</span> <span class='ocrx_word' id='word_1_299' title='bbox 508 3652 585 3714; x_wconf 92' lang='lat' dir='ltr'>lecto</span> <span class='ocrx_word' id='word_1_300' title='bbox 610 3669 661 3714; x_wconf 90' lang='lat' dir='ltr'>rex</span> <span class='ocrx_word' id='word_1_301' title='bbox 684 3651 800 3727; x_wconf 91' lang='lat' dir='ltr'>iaceret,</span> <span class='ocrx_word' id='word_1_302' title='bbox 830 3650 951 3731; x_wconf 90' lang='lat' dir='ltr'>penitus</span> <span class='ocrx_word' id='word_1_303' title='bbox 975 3650 1157 3730; x_wconf 86' lang='lat' dir='ltr'>ignorabant</span> <span class='ocrx_word' id='word_1_304' title='bbox 1180 3668 1237 3713; x_wconf 90' lang='lat' dir='ltr'>nec</span> <span class='ocrx_word' id='word_1_305' title='bbox 1258 3650 1298 3712; x_wconf 93' lang='lat' dir='ltr'>de</span> <span class='ocrx_word' id='word_1_306' title='bbox 1321 3649 1400 3712; x_wconf 92' lang='lat' dir='ltr'>exitu</span> <span class='ocrx_word' id='word_1_307' title='bbox 1424 3667 1489 3716; x_wconf 89' lang='lat' dir='ltr'>suo</span> 
     </span>
     <span class='ocr_line' id='line_1_36' title="bbox 420 3738 1489 3819; baseline 0 -16"><span class='ocrx_word' id='word_1_308' title='bbox 420 3740 563 3803; x_wconf 88' lang='lat' dir='ltr'>sciebant.</span> <span class='ocrx_word' id='word_1_309' title='bbox 599 3741 790 3802; x_wconf 90' lang='lat' dir='ltr'>lntrauerunt</span> <span class='ocrx_word' id='word_1_310' title='bbox 811 3757 960 3802; x_wconf 89' lang='lat' dir='ltr'>cameram</span> <span class='ocrx_word' id='word_1_311' title='bbox 986 3740 1017 3801; x_wconf 92' lang='lat' dir='ltr'>in</span> <span class='ocrx_word' id='word_1_312' title='bbox 1038 3756 1099 3819; x_wconf 92' lang='lat' dir='ltr'>qua</span> <span class='ocrx_word' id='word_1_313' title='bbox 1120 3738 1229 3802; x_wconf 88' lang='lat' dir='ltr'>milltes</span> <span class='ocrx_word' id='word_1_314' title='bbox 1245 3739 1297 3802; x_wconf 90' lang='lat' dir='ltr'>Vll</span> <span class='ocrx_word' id='word_1_315' title='bbox 1314 3739 1489 3819; x_wconf 76' lang='lat' dir='ltr'>iacuerunt,</span> 
     </span>
     <span class='ocr_line' id='line_1_37' title="bbox 420 3828 1488 3910; baseline -0.001 -18"><span class='ocrx_word' id='word_1_316' title='bbox 420 3846 515 3892; x_wconf 91' lang='lat' dir='ltr'>vnum</span> <span class='ocrx_word' id='word_1_317' title='bbox 540 3833 611 3910; x_wconf 90' lang='lat' dir='ltr'>post</span> <span class='ocrx_word' id='word_1_318' title='bbox 632 3828 726 3891; x_wconf 91' lang='lat' dir='ltr'>alium</span> <span class='ocrx_word' id='word_1_319' title='bbox 751 3828 937 3908; x_wconf 88' lang='lat' dir='ltr'>iugulabant.</span> <span class='ocrx_word' id='word_1_320' title='bbox 972 3829 1064 3891; x_wconf 84' lang='lat' dir='ltr'>ltlane</span> <span class='ocrx_word' id='word_1_321' title='bbox 1087 3846 1161 3891; x_wconf 89' lang='lat' dir='ltr'>vero</span> <span class='ocrx_word' id='word_1_322' title='bbox 1185 3847 1237 3891; x_wconf 88' lang='lat' dir='ltr'>rex</span> <span class='ocrx_word' id='word_1_323' title='bbox 1260 3828 1389 3891; x_wconf 88' lang='lat' dir='ltr'>surrexit</span> <span class='ocrx_word' id='word_1_324' title='bbox 1412 3847 1488 3892; x_wconf 93' lang='lat' dir='ltr'>cum</span> 
     </span>
     <span class='ocr_line' id='line_1_38' title="bbox 420 3916 1487 3997; baseline 0.003 -17"><span class='ocrx_word' id='word_1_325' title='bbox 420 3917 484 3981; x_wconf 90' lang='lat' dir='ltr'>suis</span> <span class='ocrx_word' id='word_1_326' title='bbox 507 3922 536 3979; x_wconf 89' lang='lat' dir='ltr'>et</span> <span class='ocrx_word' id='word_1_327' title='bbox 557 3917 595 3980; x_wconf 91' lang='lat' dir='ltr'>ad</span> <span class='ocrx_word' id='word_1_328' title='bbox 620 3917 695 3979; x_wconf 92' lang='lat' dir='ltr'>illud</span> <span class='ocrx_word' id='word_1_329' title='bbox 721 3916 893 3997; x_wconf 89' lang='lat' dir='ltr'>hospicium</span> <span class='ocrx_word' id='word_1_330' title='bbox 917 3917 1000 3979; x_wconf 90' lang='lat' dir='ltr'>venit</span> <span class='ocrx_word' id='word_1_331' title='bbox 1016 3933 1156 3997; x_wconf 89' lang='lat' dir='ltr'>querens,</span> <span class='ocrx_word' id='word_1_332' title='bbox 1179 3917 1231 3980; x_wconf 91' lang='lat' dir='ltr'>vbi</span> <span class='ocrx_word' id='word_1_333' title='bbox 1248 3916 1358 3980; x_wconf 91' lang='lat' dir='ltr'>milites</span> <span class='ocrx_word' id='word_1_334' title='bbox 1373 3925 1487 3984; x_wconf 87' lang='lat' dir='ltr'>essent.</span> 
     </span>
     <span class='ocr_line' id='line_1_39' title="bbox 419 4004 1488 4085; baseline 0 -14"><span class='ocrx_word' id='word_1_335' title='bbox 419 4007 470 4071; x_wconf 79' lang='lat' dir='ltr'>nit</span> <span class='ocrx_word' id='word_1_336' title='bbox 492 4023 598 4069; x_wconf 91' lang='lat' dir='ltr'>senex:</span> <span class='ocrx_word' id='word_1_337' title='bbox 632 4005 797 4080; x_wconf 68' lang='lat' dir='ltr'>„Domine</span> <span class='ocrx_word' id='word_1_338' title='bbox 821 4004 875 4066; x_wconf 91' lang='lat' dir='ltr'>diu</span> <span class='ocrx_word' id='word_1_339' title='bbox 900 4010 951 4082; x_wconf 90' lang='lat' dir='ltr'>est,</span> <span class='ocrx_word' id='word_1_340' title='bbox 982 4006 1069 4085; x_wconf 92' lang='lat' dir='ltr'>quod</span> <span class='ocrx_word' id='word_1_341' title='bbox 1092 4010 1289 4069; x_wconf 87' lang='lat' dir='ltr'>surrexerunt</span> <span class='ocrx_word' id='word_1_342' title='bbox 1311 4005 1400 4068; x_wconf 87' lang='lat' dir='ltr'>etad</span> <span class='ocrx_word' id='word_1_343' title='bbox 1425 4023 1488 4071; x_wconf 92' lang='lat' dir='ltr'>uos</span> 
     </span>
     <span class='ocr_line' id='line_1_40' title="bbox 357 4091 1489 4176; baseline 0.003 -19"><span class='ocrx_word' id='word_1_344' title='bbox 357 4119 411 4164; x_wconf 75' lang='lat'>1035</span> <span class='ocrx_word' id='word_1_345' title='bbox 421 4097 647 4176; x_wconf 72' lang='lat' dir='ltr'>perrexerunt.t</span> <span class='ocrx_word' id='word_1_346' title='bbox 680 4091 779 4152; x_wconf 86' lang='lat' dir='ltr'>Senex</span> <span class='ocrx_word' id='word_1_347' title='bbox 794 4095 895 4152; x_wconf 89' lang='lat' dir='ltr'>autem</span> <span class='ocrx_word' id='word_1_348' title='bbox 912 4109 982 4153; x_wconf 92' lang='lat' dir='ltr'>cum</span> <span class='ocrx_word' id='word_1_349' title='bbox 999 4111 1102 4172; x_wconf 90' lang='lat' dir='ltr'>regem</span> <span class='ocrx_word' id='word_1_350' title='bbox 1119 4095 1250 4172; x_wconf 90' lang='lat' dir='ltr'>vidisset,</span> <span class='ocrx_word' id='word_1_351' title='bbox 1266 4094 1489 4160; x_wconf 91' lang='lat' dir='ltr'>ammirabatur</span> 
     </span>
     <span class='ocr_line' id='line_1_41' title="bbox 421 4176 1489 4265; baseline 0.007 -23"><span class='ocrx_word' id='word_1_352' title='bbox 421 4187 449 4245; x_wconf 91' lang='lat' dir='ltr'>et</span> <span class='ocrx_word' id='word_1_353' title='bbox 471 4181 584 4261; x_wconf 87' lang='lat' dir='ltr'>ipsum</span> <span class='ocrx_word' id='word_1_354' title='bbox 596 4176 737 4240; x_wconf 90' lang='lat' dir='ltr'>credebat</span> <span class='ocrx_word' id='word_1_355' title='bbox 759 4176 915 4238; x_wconf 90' lang='lat' dir='ltr'>occidisse.</span> <span class='ocrx_word' id='word_1_356' title='bbox 963 4179 1027 4244; x_wconf 86' lang='lat' dir='ltr'>Rex</span> <span class='ocrx_word' id='word_1_357' title='bbox 1050 4199 1124 4244; x_wconf 93' lang='lat' dir='ltr'>vero</span> <span class='ocrx_word' id='word_1_358' title='bbox 1148 4183 1187 4244; x_wconf 95' lang='lat' dir='ltr'>de</span> <span class='ocrx_word' id='word_1_359' title='bbox 1211 4182 1359 4248; x_wconf 89' lang='lat' dir='ltr'>militibus</span> <span class='ocrx_word' id='word_1_360' title='bbox 1382 4187 1489 4265; x_wconf 89' lang='lat' dir='ltr'>requi-</span> 
     </span>
     <span class='ocr_line' id='line_1_42' title="bbox 420 4261 1490 4346; baseline 0.007 -14"><span class='ocrx_word' id='word_1_361' title='bbox 420 4269 498 4346; x_wconf 88' lang='lat' dir='ltr'>siult,</span> <span class='ocrx_word' id='word_1_362' title='bbox 522 4271 635 4330; x_wconf 91' lang='lat' dir='ltr'>etcum</span> <span class='ocrx_word' id='word_1_363' title='bbox 653 4277 707 4324; x_wconf 87' lang='lat' dir='ltr'>eos</span> <span class='ocrx_word' id='word_1_364' title='bbox 722 4261 894 4321; x_wconf 87' lang='lat' dir='ltr'>interfectos</span> <span class='ocrx_word' id='word_1_365' title='bbox 917 4263 1092 4342; x_wconf 88' lang='lat' dir='ltr'>inuenisset,</span> <span class='ocrx_word' id='word_1_366' title='bbox 1115 4272 1308 4336; x_wconf 86' lang='lat' dir='ltr'>contristatus</span> <span class='ocrx_word' id='word_1_367' title='bbox 1331 4280 1376 4337; x_wconf 90' lang='lat' dir='ltr'>est</span> <span class='ocrx_word' id='word_1_368' title='bbox 1396 4275 1490 4342; x_wconf 89' lang='lat' dir='ltr'>valde</span> 
     </span>
    </p>
   </div>
   <div class='ocr_carea' id='block_1_4' title="bbox 0 0 1778 5025">
    <p class='ocr_par' dir='ltr' id='par_1_4' title="bbox 0 0 1778 5025">
     <span class='ocr_line' id='line_1_43' title="bbox 0 0 1778 5025; baseline 0 0"><span class='ocrx_word' id='word_1_369' title='bbox 0 0 1778 5025; x_wconf 95' lang='lat' dir='ltr'> </span> 
     </span>
    </p>
   </div>
  </div>
 </body>
</html>
