3525 5025
669 574 915 634 -179-

226 766 259 812 ru
271 749 428 811 lanceatum
451 752 481 810 et
503 751 702 811 cruentatum.
748 746 830 810 Cum
858 751 960 810 autem
992 747 1176 828 respicerent
1207 747 1239 810 in
1262 748 1330 828 ejus

270 836 521 917 elemosynariam,
545 836 728 899 invenerunt
742 836 785 899 ibi
802 835 913 900 litteras
936 835 990 899 ubi
1014 836 1329 918 continebaturquod

269 925 421 989 deiuncurs
444 925 495 988 ille
518 925 638 1006 petebat
659 925 810 1004 justiciam
833 944 851 988 a
874 925 958 989 curia
979 926 1019 989 ab
1035 925 1079 988 eis
1103 925 1145 989 ibi
1170 927 1329 1003 contentis,

268 1015 318 1094 qui
338 1015 447 1094 injuste
469 1033 541 1078 eum
566 1013 751 1092 occiderant;
782 1033 843 1094 que
866 1014 962 1077 littere
991 1014 1204 1078 animaverunt
1234 1019 1329 1080 totam

269 1104 374 1166 curiam
397 1104 437 1167 ad
464 1102 654 1167 sumendum
683 1121 769 1166 arma
800 1103 830 1165 in
860 1103 1014 1167 ulcionem
1045 1104 1207 1184 sanguinis
1240 1105 1329 1169 inno-

225 1209 257 1254 uo
270 1193 362 1257 centis
409 1194 482 1256 Hoc
503 1197 612 1255 autem.
628 1192 653 1256 si
684 1210 749 1256 non
777 1191 836 1255 luit
862 1192 902 1255 ad
931 1192 1066 1270 litteram,
1097 1197 1330 1276 verumptamen

268 1281 511 1358 similitudinarie,
547 1281 619 1362 quia
653 1280 809 1356 Christus,
848 1281 934 1362 pugil
967 1286 1083 1360 noster,
1122 1282 1153 1345 in
1189 1283 1331 1347 navicula

269 1372 356 1434 crucis
385 1375 520 1452 apparet,
552 1388 609 1452 pro
641 1371 733 1434 nobis
763 1370 943 1434 innocenter
967 1371 1091 1434 ,occisus
1121 1389 1140 1434 a
1165 1372 1272 1451 Judeis
1301 1375 1331 1436 et

267 1461 414 1538 gentibus;
448 1459 535 1541 quod
558 1459 726 1523 ostendunt
755 1459 848 1522 nobis
875 1459 1055 1540 euvangelia
1081 1478 1174 1539 sacra,
1205 1479 1267 1542 que
1290 1461 1330 1525 de

268 1549 360 1614 cordis
382 1550 450 1629 eius
473 1548 703 1630 elemosynaria,
726 1553 872 1628 tanquam
897 1548 990 1627 huius
1014 1549 1204 1630 prodicionis
1227 1551 1329 1628 littere,

225 1638 405 1702 mexierunt
453 1639 521 1701 llec
557 1637 596 1700 ad
634 1636 812 1718 accipienda
846 1655 932 1700 arma
966 1656 1024 1719 pro
1059 1638 1116 1702 hae
1149 1637 1330 1720 prodicione

267 1726 445 1791 vindicanda
467 1727 562 1790 corda
584 1727 701 1790 nobilia
724 1725 838 1789 debent
860 1726 991 1790 multum
1016 1744 1149 1791 movere.

650 1874 679 1932 6.
726 1867 780 1949 [=
803 1867 834 1934 S.
861 1870 943 1951 voa]

348 1996 381 2057 ln
412 1994 558 2058 comitatu
581 1993 775 2073 Nivernensi,
805 2011 890 2057 anno
920 1993 1048 2057 Domini
1072 2001 1110 2058 u⁰
1133 2002 1184 2058 00⁰
1206 2002 1264 2059 xx⁰
1286 2003 1330 2076 v0,

267 2083 383 2146 luerunt
409 2088 471 2146 tres
501 2082 607 2146 iratres
634 2101 652 2145 a
679 2081 817 2162 quodam
847 2083 1012 2146 castellano
1043 2082 1229 2147 exheredati:
1262 2085 1329 2148 lacti

267 2177 332 2235 sunt
352 2172 476 2249 eschivi,
500 2171 596 2234 multa
618 2172 698 2235 mala
721 2171 877 2250 lacientes;
908 2170 974 2235 duo
997 2189 1114 2250 eorum,
1146 2174 1231 2253 capti,
1263 2191 1330 2238 sus-

225 2262 349 2340 impensi
364 2266 448 2339 sunt,
473 2261 592 2338 tercius,
615 2260 776 2325 confessus
791 2261 913 2324 cuidam
931 2260 1085 2341 religioso,
1108 2261 1229 2326 dicebat
1243 2263 1330 2343 quod

168 2425 169 2430 ἵ
268 2350 462 2429 penitenciam
486 2349 616 2413 libenter
638 2349 756 2427 laceret,
784 2349 839 2413 sed
862 2367 980 2414 cessare
1003 2367 1067 2413 non
1092 2355 1195 2430 posset
1218 2369 1331 2431 usque-

266 2456 325 2519 quo
347 2439 453 2502 iratres
475 2457 552 2502 suos
581 2439 764 2502 vindicasset
785 2443 816 2502 et
838 2438 1007 2502 occisorem
1031 2438 1200 2504 occidisset.
1247 2440 1330 2504 Cum

265 2534 360 2592 autem
384 2533 491 2610 postea
512 2547 531 2591 a
545 2529 660 2592 familia
675 2529 779 2593 militis
794 2529 940 2593 occisoris
962 2528 1089 2592 lratrum
1106 2529 1173 2609 ejus
1189 2531 1331 2594 inventus

266 2623 339 2682 esset
359 2623 442 2682 totus
464 2617 645 2681 vulneribus
668 2618 833 2699 dissipatus
848 2621 877 2680 et
892 2617 1082 2696 evisceratus,
1106 2622 1218 2699 captus,
1243 2620 1330 2703 nullo

234 2708 388 2771 uvulnere
419 2711 537 2788 poterat
567 2706 665 2771 occidi
692 2708 741 2770 vel
772 2706 927 2787 loquelam
958 2707 1102 2784 amittere,
1134 2707 1188 2771 sed
1211 2708 1331 2771 dicebat

266 2798 345 2875 quod
382 2814 446 2860 non
482 2800 609 2876 possent
645 2814 718 2859 eum
752 2796 893 2860 occidere
927 2796 987 2859 nisi
1021 2796 1209 2861 sacerdotem
1245 2797 1331 2877 prius

266 2884 391 2963 haberet,
423 2885 473 2948 cui
503 2884 701 2949 confiteretur
729 2889 759 2948 et
793 2884 1005 2950 eucharistiam
1035 2887 1076 2949 ab
1108 2904 1146 2949 eo
1176 2886 1330 2966 reciperet

294 2974 329 3038 iis
360 2974 456 3053 dictis,
491 2974 581 3037 alluit
609 2974 760 3052 sacerdos,
799 2974 849 3037 cui
880 2974 968 3039 dixit.
991 2974 1078 3054 quod
1113 2975 1199 3038 beate
1234 2974 1331 3038 Marie

372 3069 384 3126 t
413 3063 533 3143 vigilias
562 3063 630 3143 ejus
652 3063 683 3125 in
716 3081 796 3145 pane
818 3067 848 3126 et
869 3081 958 3143 aqua,
989 3067 1024 3126 ut
1050 3081 1122 3126 eum
1154 3064 1233 3128 mori
1265 3080 1330 3127 non

348 3153 447 3216 itteret
467 3153 535 3216 sine
557 3152 753 3217 confessione
779 3156 809 3215 et
831 3152 1061 3229 communione,
1089 3157 1119 3216 et
1141 3153 1201 3216 hoc
1223 3156 1330 3216 votum

266 3258 274 3302 1
315 3241 482 3305 malefactis
503 3241 569 3305 suis
592 3259 752 3321 nunquam
776 3241 915 3305 voluerat
941 3241 1111 3321 transgredi
1144 3260 1201 3323 pro
1228 3242 1331 3322 aliqua

265 3331 459 3395 neccessitate.
485 3332 571 3394 Facta
586 3334 688 3394 autem
704 3330 900 3394 confessione
921 3335 950 3394 et
965 3334 1084 3412 recepta
1100 3332 1330 3409 communione,

264 3420 358 3483 statim
374 3424 516 3483 mortuus
531 3424 584 3483 est
620 3420 749 3483 Militem
766 3420 862 3497 illum,
886 3419 1002 3483 dictum
1018 3420 1183 3484 dominum
1197 3422 1330 3499 Petrum,

264 3510 313 3587 qui
344 3508 494 3590 suspendi
528 3509 640 3573 iecerat
673 3508 754 3572 duos
788 3509 903 3587 iratres,
938 3509 1012 3573 dicit
1045 3509 1096 3573 ille
1126 3510 1180 3590 qui
1211 3509 1332 3591 scripsit

222 3610 253 3657 us
266 3598 443 3662 miraculum
467 3615 501 3661 se
523 3598 636 3661 vidisse
658 3602 688 3661 et
710 3598 771 3661 hoc
792 3599 832 3662 ab
855 3598 909 3662 illo
932 3598 1095 3664 audivisse.

650 3744 677 3803 7.
726 3741 779 3820 [=
804 3740 834 3804 s.
861 3740 944 3820 vlo]

348 3868 423 3930 ltem
447 3865 558 3928 dicitur
580 3865 665 3944 quod
697 3864 825 3945 quidam
850 3866 939 3929 miles
961 3866 1026 3944 tuit,
1058 3864 1206 3929 dominus
1229 3866 1330 3945 cujus

263 3954 329 4019 dam
360 3955 450 4019 castri
481 3954 512 4017 in
544 3953 700 4032 alvernia,
735 3955 785 4017 cui
817 3954 970 4035 dyabolus
1001 3954 1033 4017 in
1064 3954 1198 4017 humana
1230 3954 1331 4035 specie

264 4045 384 4109 servivit
406 4062 462 4125 per
484 4042 650 4107 duodecim
678 4061 786 4121 annos,
814 4043 924 4107 volens
951 4043 1070 4107 deterre
1097 4060 1178 4120 eum,
1208 4043 1330 4107 sicum

264 4132 428 4215 aliquando
451 4132 602 4196 inveniret
616 4133 824 4210 immunitum,
848 4137 974 4213 propter
989 4132 1138 4195 maleficia
1153 4150 1216 4195 sua
1247 4132 1330 4197 Cum

222 4233 254 4281 ru
266 4220 321 4287 hoc
335 4222 502 4287 revelatum
519 4221 626 4285 luisset
640 4221 762 4285 cuidam
779 4226 884 4285 sancto
900 4222 976 4300 viro,
996 4221 1120 4284 accessit
1134 4220 1173 4284 ad
1190 4226 1331 4302 castrum,

264 4310 365 4377 dicens
379 4329 415 4375 se
430 4310 508 4375 velle
531 4311 618 4391 loqui
634 4329 705 4375 cum
721 4310 837 4374 familia
851 4311 927 4389 eius.
962 4309 1045 4374 Cum
1061 4315 1162 4374 autem
1178 4310 1332 4391 dyabolus

1172 4430 1223 4485 12·
