3525 5025
679 545 919 601 -109-

241 718 333 781 millo
359 722 481 797 negante
515 717 628 781 diebus
662 717 766 780 multis
799 716 921 781 efficere
952 720 1120 794 conaretur,
1154 733 1223 779 ecce
1253 732 1334 779 uxor

286 807 355 870 illius
378 807 454 870 virili
484 810 611 888 sumpto
641 806 754 882 habitu,
785 805 935 886 vultuque
965 810 995 869 et
1022 823 1098 869 voce
1130 806 1248 885 magica
1277 822 1333 868 sua

285 901 338 958 arte
358 897 480 974 mutatis,
504 901 575 959 ante
598 896 679 976 regis
701 895 846 976 palatium
870 913 953 975 equo
977 894 1141 974 descendit,
1166 912 1332 975 regemque

284 984 347 1047 adiit
367 1004 529 1066 regemque
553 985 668 1049 salutat
702 984 847 1065 inquisita
869 989 980 1062 autem,
1004 1001 1065 1065 que
1080 988 1159 1047 esset
1172 990 1224 1047 aut
1240 984 1333 1060 unde,

284 1074 395 1137 militem
418 1094 450 1138 se
472 1092 539 1138 esse
563 1074 721 1155 respondit
736 1074 776 1136 de
796 1074 912 1137 ultimis
935 1073 1044 1136 mundi
1068 1074 1205 1155 partibus
1228 1074 1332 1137 oriun-

241 1162 358 1241 nodum,
380 1164 452 1227 iuris
475 1164 644 1243 legumque
667 1163 798 1243 peritum
822 1163 897 1241 lore,
921 1182 956 1227 ac
979 1162 1164 1227 iudiciorum
1189 1163 1331 1227 subtilem

285 1252 524 1333 investigatorem.
571 1252 707 1317 Gavisus
746 1270 798 1315 rex
833 1252 917 1315 iubet
954 1251 1047 1330 illam,
1085 1270 1177 1333 quam
1210 1252 1335 1333 putabat

285 1341 405 1420 militem,
427 1342 596 1406 consedere
619 1342 686 1418 sibi,
717 1359 903 1421 causamque
927 1359 988 1421 que
1011 1342 1089 1406 inter
1112 1340 1280 1424 loripedem
1305 1342 1334 1403 et

284 1430 410 1493 iuvenem
444 1432 634 1507 versabatur,
668 1430 711 1493 illi
743 1430 904 1493 committit
932 1431 1164 1495 terminandam.
1214 1432 1253 1495 nt
1283 1430 1333 1494 illa

285 1520 383 1582 vocatis
397 1521 552 1600 utrimque
568 1520 718 1601 partibus:
742 1519 820 1596 Tibi,
845 1520 952 1599 inquit,
976 1538 999 1585 o
1017 1520 1138 1602 loripes,
1161 1520 1332 1585 secundum

242 1623 274 1668 m
285 1609 354 1687 regis
375 1610 611 1690 principumque
633 1609 811 1673 sententiam
833 1608 902 1672 licet
916 1610 956 1672 de
971 1628 1060 1672 carne
1076 1610 1196 1674 iuvenis
1211 1614 1332 1673 centum

284 1714 437 1761 marearum
466 1698 593 1779 pondus
618 1693 721 1778 [155⁶]
746 1698 874 1761 auterre.
921 1698 980 1763 Sed
1006 1698 1036 1761 in
1062 1700 1122 1763 hoc
1144 1698 1221 1779 quid
1238 1700 1333 1763 lucra·

284 1785 361 1864 beris,
383 1788 439 1851 nisi
463 1793 594 1851 mortem
619 1787 753 1865 forsitan,
777 1787 802 1851 si
827 1787 968 1851 iuvenem
993 1788 1175 1852 interficias?
1222 1789 1334 1851 Melius

284 1879 327 1952 est
355 1882 386 1939 ut
407 1895 463 1957 pro
488 1896 527 1941 eo
554 1877 731 1958 septuplum
764 1877 894 1957 pecunie
921 1882 972 1939 aut
1001 1877 1166 1958 decuplum
1196 1878 1334 1959 accipias.

284 1963 327 2026 llle
357 1971 454 2029 autem
494 1967 601 2029 decem
637 1966 726 2030 etiam
757 1984 927 2029 marcarum
963 1966 1046 2029 milia
1077 1984 1110 2031 se
1139 1971 1333 2049 accepturum

243 2056 401 2133 innegavit‘
444 2056 496 2119 llla
528 2061 629 2118 autem
661 2054 788 2118 linteum
820 2054 1073 2119 candidissimum
1105 2056 1190 2119 iubet
1223 2056 1334 2133 afferri,

282 2142 474 2224 iuvenemque
498 2145 647 2207 nudatum
664 2149 745 2208 veste
765 2144 971 2224 manibusque
994 2163 1028 2208 ac
1052 2145 1184 2227 pedibus
1208 2146 1334 2225 ligatum

283 2234 390 2296 extendi
413 2234 556 2313 desuper.
593 2233 667 2307 Quo
690 2235 785 2297 iacto:
808 2234 935 2310 Abcide,
958 2234 999 2297 ait
1022 2235 1161 2315 loripedi,
1185 2252 1335 2314 quocum·

282 2339 334 2399 que
354 2323 488 2387 volueris
511 2324 696 2387 ferramento
720 2340 890 2386 marcarum
907 2329 1027 2386 tuarum
1052 2323 1184 2403 pondus.
1219 2324 1334 2387 Verum

282 2410 303 2471 si
323 2411 388 2491 plus
410 2417 463 2475 aut
492 2414 596 2476 minus
624 2413 704 2476 iusto
735 2411 873 2492 pondere
902 2411 941 2474 ad
972 2414 1168 2492 quantitatem
1199 2411 1336 2492 cuspidis

244 2510 361 2564 mamus
394 2502 467 2565 inde
501 2502 615 2581 tuleris,
650 2503 698 2566 vel
732 2502 758 2565 si
794 2521 855 2565 una
890 2502 1049 2582 sanguinis
1083 2507 1166 2583 gutta
1201 2501 1338 2565 iniecerit

282 2588 405 2670 linteum,
428 2610 499 2655 curn
516 2593 642 2672 sanguis
657 2592 824 2656 substantia
839 2593 877 2656 sit
894 2593 1021 2670 iuvenis,
1045 2593 1121 2656 scias
1144 2597 1172 2655 le
1188 2592 1336 2656 continuo

283 2678 355 2742 mille
378 2682 530 2745 mortibus
553 2681 779 2762 perimendum,
807 2681 1057 2763 discerptumque
1080 2682 1111 2744 in
1136 2681 1219 2744 mille
1243 2681 1337 2743 frusta

283 2765 341 2830 iore
362 2789 459 2834 escam
484 2771 649 2834 bestiarum
666 2771 822 2848 clavium,
844 2775 1006 2850 totumque
1026 2788 1125 2851 genus
1141 2775 1227 2834 tuum
1244 2769 1335 2833 simili

284 2860 417 2922 sententie
446 2860 625 2937 subiacebit,
657 2878 766 2939 resque
796 2863 847 2923 tue
878 2860 1126 2940 publicabuntur.
1175 2861 1264 2923 Hanc
1287 2859 1337 2921 ille

246 2944 452 3011 luborribilem
473 2967 675 3030 expavescens
693 2950 886 3013 sententiam:
911 2948 1078 3027 Quoniam,
1103 2949 1210 3030 inquit,
1234 2948 1337 3012 nullus

287 3038 324 3096 est
344 3038 502 3101 hominum
525 3043 652 3120 excepto
675 3038 745 3116 deo,
768 3039 822 3119 qui
839 3040 878 3101 ita
894 3056 1019 3101 manum
1037 3038 1216 3102 modificare
1232 3038 1337 3118 possit,

288 3123 352 3201 quin
385 3127 453 3207 plus
488 3128 628 3191 minusve
657 3129 780 3205 auferat,
820 3128 892 3192 huic
927 3129 1041 3191 incerto
1077 3147 1126 3190 me
1161 3129 1338 3191 submittere

288 3214 385 3278 nolens
407 3217 548 3280 iuvenem
571 3217 702 3280 absolvo
725 3219 875 3297 mittoque
891 3216 1039 3295 debiturn,
1064 3217 1147 3280 mille
1171 3218 1197 3280 ei
1222 3234 1338 3280 marcas

289 3320 338 3380 pro
359 3306 599 3370 reconciliatione
628 3306 849 3387 superaddens.
897 3306 946 3370 Sic
976 3325 1052 3386 ergo
1082 3307 1202 3370 iuvenis
1233 3306 1338 3370 uxoris

247 3392 435 3470 «inpudentia
458 3396 611 3473 liberatus,
642 3396 721 3458 letus
749 3395 788 3458 ad
820 3396 945 3476 propria
973 3396 1124 3459 remeavit

673 3548 701 3602 4.
739 3539 793 3618 [=
816 3539 846 3602 s.
871 3539 934 3618 aa]

365 3662 499 3738 Quidam
516 3663 727 3732 Romanorum
744 3683 805 3740 rex,
828 3664 904 3726 dum
924 3663 1092 3744 aliquando
1108 3668 1212 3727 contra
1227 3664 1339 3742 hostes,

289 3750 334 3828 qui
364 3752 421 3816 iam
456 3755 620 3816 maximam
655 3754 741 3833 regni
771 3754 819 3816 sui
854 3759 969 3833 partem
1003 3757 1233 3834 occupaverant,
1268 3771 1338 3815 curn

289 3843 404 3905 exercitu
420 3847 567 3924 pergeret,
583 3843 717 3923 contigit,
741 3846 775 3906 ut
790 3861 845 3923 per
860 3842 1015 3922 quendam
1040 3842 1178 3904 transiret
1194 3842 1339 3905 viculum.

290 3927 416 3994 ilabebat
438 3932 480 3995 ibi
504 3931 599 3995 vidua
614 3932 746 4011 quedam
763 3949 881 4012 pauper
896 3948 965 3994 cum
990 3931 1056 3994 lilio
1079 3931 1172 3993 unico
1196 3930 1339 3995 domum-

249 4018 383 4098 luculam,
413 4039 507 4084 unam
530 4025 647 4084 tantum
670 4021 710 4083 de
732 4021 856 4097 cunctis,
887 4020 1003 4100 quein
1034 4019 1154 4082 mundo
1178 4024 1341 4082 moventur

290 4107 450 4184 gallinulam
484 4110 656 4191 possidens.
713 4110 903 4172 Transeunte
931 4113 1032 4171 aulem
1064 4125 1119 4188 per
1148 4113 1217 4171 ante
1248 4108 1341 4170 buius

291 4193 404 4261 domum
423 4200 565 4277 exercitu,
589 4199 670 4278 regis
684 4199 768 4260 tilius
782 4197 1028 4262 adolescentulus
1042 4195 1223 4277 accipitrem,
1246 4213 1340 4275 quem

292 4285 428 4351 nobilium
451 4307 538 4352 inore
561 4305 656 4349 manu
680 4287 823 4366 gestabat,
845 4285 885 4348 ad
908 4285 1052 4366 gallinam
1071 4284 1164 4347 vidue
1188 4283 1263 4359 iecit,
1287 4281 1340 4361 qui
