3525 5025
849 509 1092 566 -146-

437 699 553 762 ponere
576 684 689 762 posset.
737 682 803 761 Ego
830 699 914 759 vero,
945 686 978 744 ut
1008 681 1051 744 sis
1080 698 1213 758 securus,
1246 681 1315 745 loco
1347 682 1439 762 ipsius
1472 682 1526 758 in¹

375 787 554 834 risooercere
586 769 732 848 manebo,
766 770 867 833 donec
896 770 1024 833 veniatu
1084 770 1168 832 Dixit
1199 770 1305 833 iudex:
1338 770 1418 835 „Tali
1451 770 1508 833 die

437 858 585 922 iudicium
608 858 648 922 de
670 877 710 922 eo
732 859 829 922 aede
851 859 919 922 aliis
942 859 1006 936 tiet;
1030 859 1151 923 sivero
1175 860 1206 921 in
1231 859 1340 922 eodem
1364 859 1412 922 die
1434 877 1507 923 non

437 947 560 1024 venerit,
595 947 671 1028 quid
701 947 741 1010 ad
776 947 836 1011 hoe
870 948 1114 1030 respondebisi¹¹
1162 948 1202 1011 m
1232 948 1296 1010 ille:
1338 947 1508 1024 „Domine

436 1037 626 1100 securitatem
649 1037 704 1100 tibi
727 1037 844 1112 faciam,
876 1035 972 1117 quod,
1003 1038 1028 1100 si
1061 1055 1125 1101 non
1156 1037 1280 1114 venerit,
1312 1055 1368 1117 pro
1396 1055 1509 1100 amore

437 1125 534 1206 ipsius
565 1131 693 1189 mortem
726 1125 913 1189 sustinebo.u
962 1126 1013 1189 nit
1043 1125 1148 1188 iudex:
1186 1127 1250 1190 „Ex
1281 1143 1345 1205 quo
1381 1125 1420 1188 ita
1448 1131 1509 1202 est,
1604 1189 1605 1206 ,

375 1219 520 1278 rrnutuam
559 1215 741 1294 peticionem
776 1213 943 1278 concedo·
1000 1215 1105 1278 Statim
1141 1233 1212 1278 eum
1246 1215 1442 1278 incarcerauit
1477 1221 1511 1282 et

435 1303 530 1366 alium
553 1304 638 1368 abire
661 1303 805 1384 permisit.
853 1302 905 1367 llle
927 1321 1001 1367 vero
1031 1303 1119 1367 rediit
1149 1304 1180 1366 in
1209 1304 1340 1367 domum
1363 1322 1450 1367 suam
1477 1309 1511 1367 et
1604 1365 1605 1368 ,

436 1410 507 1456 cum
530 1410 682 1456 uxoreae
712 1392 807 1472 prole,
837 1391 952 1455 familia
974 1411 1009 1456 ac
1040 1393 1187 1456 omnibus
1219 1392 1311 1456 bonis
1340 1393 1405 1456 suis
1435 1393 1511 1456 lecit

435 1485 656 1544 testamentum.
702 1480 784 1544 Cum
807 1486 908 1544 autem
940 1480 1025 1544 domi
1053 1481 1167 1558 luisset,
1198 1481 1315 1544 tamdiu
1345 1499 1415 1544 cum
1440 1483 1510 1545 suis

436 1570 628 1651 exspectauit,
658 1587 825 1650 quousque
853 1569 991 1633 atiuisset
1013 1570 1079 1633 dies
1109 1568 1223 1647 iudicii,
1254 1570 1286 1632 in
1310 1588 1372 1649 qua
1395 1589 1511 1634 omnes

375 1675 429 1721 uuo
437 1659 644 1723 malefactores
668 1658 760 1723 iudici
784 1658 931 1723 deberent
954 1660 1128 1740 presentari.
1164 1660 1243 1722 lnter
1265 1659 1342 1722 alios
1366 1659 1425 1737 ille,
1449 1661 1508 1740 qui
1604 1701 1605 1716 ,

436 1765 470 1812 se
492 1752 601 1828 sponte
624 1748 735 1829 optulit
757 1765 815 1828 pro
836 1747 938 1811 amico
960 1765 1027 1830 suo,
1058 1752 1103 1811 est
1125 1751 1322 1828 presentatus.
1371 1748 1454 1811 Dicit
1476 1749 1508 1812 ei

437 1836 541 1900 iudex:
567 1837 649 1904 „Dic
672 1836 776 1915 modo,
799 1837 851 1900 vbi
875 1842 921 1901 est
942 1836 1059 1900 amicus
1082 1841 1160 1913 tuus,
1185 1837 1239 1917 qui
1260 1836 1386 1900 deberet
1409 1837 1510 1901 hodie

438 1925 536 1989 redire
565 1931 594 1989 et
625 1930 655 1988 te
683 1926 842 1989 saluere.ir
891 1926 942 1989 Ait
964 1925 1027 1988 ille:
1061 1925 1226 2003 „Domine
1258 1943 1358 2006 spero,
1390 1930 1424 1988 ut
1458 1945 1512 1989 me

438 2032 501 2078 non
525 2015 670 2078 deseretu
720 2015 813 2077 ludex
840 2033 915 2078 vero
938 2015 992 2077 diu
1016 2015 1207 2096 exspectauit,
1239 2019 1270 2077 vt
1292 2014 1416 2093 veniret,
1452 2016 1511 2078 sed
1604 2081 1605 2100 ἶ

376 2117 429 2164 uus
438 2121 501 2166 non
530 2103 620 2168 venit
666 2103 770 2167 Statim
801 2103 886 2167 dedit
916 2121 974 2184 pro
1004 2103 1165 2179 sentencia,
1196 2107 1229 2165 ut
1259 2103 1298 2166 ad
1331 2103 1509 2184 patibulum
1604 2103 1605 2136 r

438 2192 608 2255 duceretur.
657 2193 693 2255 Et
722 2192 766 2256 sic
799 2192 912 2256 tactum
944 2197 995 2256 est.
1042 2191 1124 2255 Cum
1156 2210 1230 2256 vero
1260 2191 1299 2254 ad
1332 2193 1510 2273 patibulum

436 2281 575 2356 venisset,
599 2279 674 2343 dixit
697 2281 724 2344 ei
748 2280 852 2344 iudex:
887 2282 990 2357 „Ecce
1022 2281 1187 2358 karissime,
1220 2281 1341 2361 inputes
1364 2281 1418 2344 tibi
1445 2282 1509 2363 ipsi

437 2375 466 2434 et
488 2387 551 2433 non
576 2368 678 2448 michi,
706 2369 790 2450 quod
817 2370 970 2434 morieris!
1020 2370 1129 2433 Dixisti
1153 2370 1244 2446 enim,
1274 2369 1360 2450 quod
1383 2371 1509 2434 amicus
1604 2383 1605 2456 l

436 2463 507 2523 tuus
529 2458 646 2522 veniret
667 2457 706 2521 ad
730 2459 924 2523 liberandum
947 2464 1004 2523 te.u
1055 2459 1238 2541 Respondit:
1273 2496 1286 2525 ‚r
1295 2459 1440 2539 Domine,
1469 2478 1511 2524 ex
1604 2461 1605 2506 i

375 2564 501 2629 unoquo
526 2548 604 2612 mori
628 2547 737 2625 debeo,
761 2549 906 2612 instanter
929 2553 1008 2631 peto,
1033 2553 1065 2611 ut
1087 2553 1156 2613 ante
1180 2553 1309 2612 mortem
1327 2567 1385 2629 pro
1399 2551 1511 2614 anima
1604 2574 1605 2635 ᾗ

438 2656 505 2701 mea
527 2638 613 2701 liceat
643 2637 736 2700 miehi
764 2638 913 2719 pulsare.u
963 2637 1132 2719 Respondit
1155 2637 1259 2701 iudex:
1294 2638 1508 2703 „Cuiusmodi
1604 2656 1605 2691 1

437 2727 574 2808 pulsacio
597 2731 642 2789 est
664 2726 757 2789 illa?⁴⁴
807 2725 871 2801 Qui
895 2726 948 2790 ait:
980 2727 1076 2793 „Ante
1100 2733 1230 2790 mortem
1255 2727 1333 2790 trina
1355 2726 1421 2790 viee
1445 2728 1510 2791 alte
1604 2766 1605 2799 ÷

438 2816 596 2881 clamare.¹¹
645 2814 706 2878 Cui
730 2815 838 2878 iudex:
869 2816 1032 2880 „libenter
1057 2816 1112 2879 tibi
1136 2814 1302 2879 concedo.u
1352 2815 1404 2879 llle
1427 2834 1510 2880 vero
1604 2816 1605 2889 ς

439 2904 550 2987 incepit
572 2904 630 2967 alb
653 2922 730 2968 uoce
753 2905 891 2968 clamare.
939 2903 1059 2967 Deinde
1088 2904 1182 2968 altera
1211 2904 1276 2968 vice
1304 2904 1449 2968 clamauit
1477 2912 1511 2969 et
1604 2902 1605 2985 i

376 3008 430 3056 urs
439 2995 570 3076 respexit
592 2994 832 3073 circumquaque
855 2998 885 3056 et
907 2993 1061 3056 neminem
1085 2994 1169 3057 vidit
1210 2992 1333 3056 Deinde
1357 2994 1414 3055 lll¹
1436 2994 1510 3058 vice
1604 3010 1605 3057 ῑ

438 3083 589 3147 clamauit.
624 3082 707 3145 Vidit
728 3101 746 3145 a
769 3082 862 3163 longe
886 3081 1044 3145 hominem
1067 3082 1139 3162 agili
1163 3100 1253 3145 cursu
1277 3082 1451 3145 venientem
1476 3090 1511 3147 et
1604 3080 1605 3157 J

437 3172 479 3233 ait
501 3171 606 3235 iudici:
640 3172 691 3237 „O
719 3171 854 3249 domine,
885 3170 987 3234 adhuc
1017 3170 1142 3234 ditteras
1173 3171 1232 3250 (BL
1258 3172 1341 3252 9tr.)
1373 3176 1510 3237 mortem
1604 3204 1605 3211 κ

439 3262 553 3323 meam!
607 3261 681 3324 Ecce
715 3259 807 3323 video
838 3260 997 3323 hominem
1028 3260 1214 3338 venientem,
1253 3260 1331 3324 iorte
1363 3260 1429 3342 ipse
1461 3268 1513 3325 est
1604 3262 1605 3265 ’

438 3349 541 3412 socius
569 3367 664 3426 meus,
699 3350 752 3430 qui
782 3367 831 3413 me
865 3349 1048 3413 liberaturus
1078 3353 1152 3411 est.u
1202 3348 1295 3413 ludex
1326 3367 1402 3413 vero
1433 3368 1510 3415 cum

377 3453 431 3499 nau
440 3436 541 3516 ipsum
565 3438 736 3501 venientem
760 3437 893 3515 vidisset,
925 3438 1115 3519 exspectauit,
1147 3442 1176 3501 et
1205 3456 1274 3501 ecce
1303 3438 1406 3502 socius
1439 3439 1513 3504 eius

439 3525 522 3588 venit
551 3531 581 3589 et
606 3527 659 3589 ait:
697 3526 748 3591 „0
778 3527 914 3604 domine,
949 3544 1008 3607 ego
1039 3545 1107 3591 sum
1140 3527 1198 3606 ille,
1234 3528 1287 3607 qui
1319 3543 1447 3591 uxorem
1480 3535 1513 3592 et

441 3613 558 3695 prolem
589 3614 716 3693 visitani,
748 3620 777 3679 et
804 3615 859 3678 iste
890 3620 935 3678 est
961 3616 1078 3679 amicus
1108 3634 1204 3692 meus,
1235 3616 1288 3696 qui
1319 3633 1389 3697 pro,
1401 3634 1452 3679 me
1475 3619 1510 3681 in

440 3702 577 3785 periculo
601 3704 708 3767 mortis
730 3704 817 3768 stetit
866 3706 942 3768 Ecce
973 3709 1094 3785 paratus
1121 3723 1190 3769 sum
1215 3706 1301 3768 illum
1327 3704 1456 3769 liberare
1480 3714 1512 3771 et

441 3796 570 3854 mortem
594 3809 651 3872 pro
674 3792 792 3856 delictis
820 3794 897 3857 meis
919 3794 1099 3857 sustineret
1148 3794 1242 3857 ludex
1272 3811 1343 3857 eum
1375 3796 1512 3875 respexit

379 3885 470 3945 naset
492 3881 543 3943 ait:
582 3878 632 3945 »Ο
664 3880 828 3959 karissime,
860 3900 940 3962 rogo
971 3886 1006 3961 te,
1042 3882 1093 3947 dic
1122 3882 1214 3947 michi
1245 3900 1376 3960 causam,
1411 3900 1511 3963 quare
1604 3910 1605 3915 ¹

441 3968 573 4032 inuicem
606 3968 676 4031 estis
706 3969 746 4031 ita
775 3969 918 4033 tidelesl¹¹
967 3972 1006 4035 At
1029 3972 1094 4035 ille:
1129 3972 1293 4051 „Domine
1323 3990 1341 4035 a
1372 3972 1511 4053 puericia

441 4058 570 4138 quilibet
591 4056 674 4121 alteri
698 4055 793 4120 tidem
817 4058 909 4137 dedit,
940 4064 972 4121 vt
995 4060 1026 4123 in
1055 4060 1202 4125 omnibus
1232 4060 1380 4141 operibus
1407 4080 1510 4143 vsque

440 4147 479 4211 ad
504 4151 633 4211 mortem
663 4145 771 4209 fideles
793 4163 939 4210 essemus.
988 4150 1023 4210 Et
1046 4150 1102 4212 hee
1125 4154 1170 4213 est
1192 4166 1289 4227 causa,
1321 4166 1416 4229 quare
1440 4151 1510 4231 ipse
1604 4144 1605 4175 ³

441 4253 474 4298 se
505 4236 606 4316 ipsum
637 4236 668 4298 in
704 4234 805 4296 locum
836 4236 982 4312 posuerit,
1018 4254 1182 4316 quousque
1206 4256 1265 4316 ego
1292 4240 1507 4305 testamentum
