3525 5025
667 544 887 605 ..53-

210 736 244 780 au
258 718 306 781 ubi
335 724 503 800 posuerunt
532 723 692 799 argentum
721 723 751 781 et
777 719 938 796 fodientes,
969 718 1012 781 nil
1040 719 1230 782 invenerunt.
1278 718 1314 781 Et

255 826 398 888 exurgens
429 810 584 889 Deceptor
615 809 668 888 qui
699 807 775 870 illud
808 811 977 888 acceperat,
1011 808 1091 888 cepit
1121 808 1251 871 clamare
1283 811 1314 870 et

255 897 404 960 uerberare
418 916 461 975 se,
486 897 605 961 dicens:
629 898 833 977 Nequaquam
850 896 988 960 confidat
1001 896 1107 977 aliquo
1128 895 1225 960 modo
1240 896 1313 976 quis

255 986 282 1047 in
305 987 390 1049 tratre
413 987 461 1049 vei
491 987 586 1063 socio,
618 991 649 1049 tu
680 987 762 1048 enim
794 986 899 1066 cepisti
928 985 1013 1049 illud.
1058 985 1098 1047 At
1125 985 1176 1047 ille
1204 985 1314 1048 iuravit

255 1092 305 1154 per
325 1075 474 1138 viventem
501 1075 532 1136 in
556 1076 656 1138 secula
671 1076 758 1155 quod
783 1093 846 1138 non
863 1078 1019 1154 acceperat
1040 1073 1125 1137 illud.
1160 1074 1314 1154 Deceptor

211 1181 244 1224 auu
257 1181 325 1226 vero
355 1164 451 1244 magis
479 1164 642 1242 insistebat,
673 1165 699 1226 ei
728 1164 846 1228 dicens:
878 1164 1040 1244 Numquid
1068 1163 1127 1225 fuit
1152 1162 1231 1225 alius
1257 1161 1311 1242 qui

255 1252 336 1315 sciret
358 1253 416 1316 hoc
438 1258 597 1330 secretum,
628 1253 686 1316 nisi
715 1270 775 1333 ego
803 1256 832 1316 et
859 1254 915 1316 tu?
962 1253 998 1315 Et
1023 1251 1065 1314 ait
1091 1252 1119 1315 ei
1145 1252 1311 1333 Deceptor:

255 1342 325 1403 Veni
360 1346 387 1404 et
420 1360 526 1405 earnm
556 1340 594 1404 ad
628 1341 760 1405 iudicem
797 1341 959 1423 potestatis,
994 1346 1029 1404 ut
1062 1340 1155 1404 nobis
1189 1358 1311 1404 causam

255 1429 385 1493 diffiniat
441 1430 568 1504 Quibus
602 1431 772 1494 constitutis
805 1448 909 1494 coram
949 1430 1062 1508 iudice,
1098 1429 1174 1492 dixit
1206 1429 1311 1493 iudex:

258 1519 342 1582 Estne
368 1520 477 1600 aliquis
508 1520 591 1583 testis
619 1537 713 1600 super
744 1520 822 1583 hec?
868 1519 928 1582 Cui
961 1518 1120 1600 respondit
1144 1518 1311 1599 Deceptor:

212 1623 246 1667 aas
259 1608 301 1685 lta
324 1608 462 1687 domine;
486 1613 531 1672 est
545 1609 646 1686 arbor,
665 1609 724 1671 sub
740 1608 828 1671 cuius
844 1608 945 1671 radice
961 1607 1157 1689 reposuimus
1172 1614 1311 1671 nostrum

257 1702 418 1776 argentum
441 1698 508 1778 ipsa
530 1698 613 1760 enim
637 1697 810 1779 perhibebit
829 1697 1037 1761 testimonium
1058 1714 1153 1777 super
1175 1697 1240 1760 hec.
1278 1697 1313 1759 Et

257 1785 292 1846 ait
313 1785 412 1850 iudex:
441 1787 552 1849 Ducite
575 1805 625 1849 me
647 1804 714 1850 cras
736 1786 775 1849 ad
798 1786 951 1863 arborem,
974 1790 1008 1848 ut
1030 1785 1200 1848 diffiniatur
1223 1802 1312 1849 causa

257 1878 355 1937 vestra
408 1877 442 1938 Et
473 1876 595 1938 rediens
626 1876 781 1956 Deceptor
813 1876 852 1938 ad
885 1875 1016 1938 domum
1047 1892 1149 1952 suam,
1181 1873 1313 1937 narravit

259 1964 325 2041 patri
349 1982 404 2028 suo
427 1982 605 2045 processum
630 1964 713 2028 hunc
728 1963 847 2028 dicens:
871 1963 961 2041 Scito,
985 1965 1140 2045 paterni,
1163 1962 1311 2044 quoniam

215 2066 247 2110 au
260 2053 389 2115 nondum
413 2053 544 2116 revelavi
567 2053 620 2116 tibi
645 2054 706 2116 hoc
725 2058 890 2131 secretum;
913 2053 968 2116 sed
992 2053 1017 2117 si
1041 2057 1072 2116 tu
1097 2052 1144 2115 vis
1166 2052 1313 2115 inclinare

259 2142 378 2205 consitio
410 2161 488 2220 meo,
520 2143 771 2206 conservabimus
802 2160 860 2205 nos
889 2142 983 2205 ambo
1012 2142 1189 2205 thesaurum
1218 2159 1312 2221 quem

259 2228 336 2293 dedit
356 2232 446 2295 nobis
468 2232 554 2310 deus,
579 2236 608 2294 et
622 2232 792 2311 poterimus
808 2231 1008 2311 multiplicare
1028 2235 1058 2294 et
1071 2230 1184 2293 addere
1201 2230 1311 2310 ipsum.

260 2316 312 2381 Cui
339 2319 411 2383 dixit
433 2326 530 2402 pater:
561 2320 646 2394 Quid
677 2324 722 2384 est
749 2320 833 2399 illud,
865 2320 910 2382 fiii
940 2320 1004 2383 mi?
1050 2319 1111 2383 Cui
1140 2318 1312 2399 respondit:

261 2406 319 2486 Ego
341 2409 463 2489 quidem
488 2410 598 2473 abstuli
620 2414 716 2473 totum
743 2408 818 2471 illud
834 2413 994 2489 argentum
1011 2408 1098 2489 quod
1122 2408 1313 2485 invenimus;

220 2498 325 2561 auvolo
347 2499 419 2562 illud
443 2503 543 2562 autem
568 2502 601 2562 ut
623 2499 717 2562 intres
740 2498 797 2563 hac
819 2503 908 2562 nocte
922 2502 951 2562 et
966 2516 1145 2579 permaneas
1161 2497 1191 2560 in
1208 2502 1312 2560 ventre

261 2587 374 2667 arboris,
397 2608 467 2652 cum
492 2589 530 2651 sit
554 2589 596 2653 ibi
619 2589 706 2652 focus
729 2606 883 2652 concavus
906 2589 959 2651 ubi
985 2588 1099 2668 poteris
1122 2605 1311 2667 permanere.

263 2675 342 2740 Mane
363 2683 462 2741 autem
488 2696 558 2740 cum
582 2678 699 2740 venen't
728 2677 821 2740 iudex
845 2677 1037 2758 interrogans
1059 2677 1211 2754 arborem,
1242 2676 1313 2756 quis

262 2767 361 2846 accepit
382 2771 551 2847 argentum,
575 2767 763 2848 respondeas
778 2766 805 2829 ei
826 2770 858 2829 tu
874 2766 914 2829 dc
930 2766 1034 2829 medio
1057 2765 1191 2828 arboris:
1215 2765 1312 2828 Velox

263 2853 396 2919 rediitad
421 2875 472 2919 me
494 2860 524 2918 et
545 2856 659 2937 accepit
685 2856 771 2918 illud.
802 2851 854 2918 'Et
881 2855 942 2919 hoc
963 2859 1010 2918 est
1035 2854 1121 2934 quod
1151 2858 1221 2935 peto
1243 2873 1262 2916 a
1284 2858 1313 2917 te

222 2945 373 3008 maxum.
420 2946 456 3008 Et
485 2944 606 3008 iverunt
627 2944 666 3007 ad
690 2945 831 3008 arborem
851 2948 880 3007 et
910 2945 1020 3007 mansit
1043 2948 1127 3024 pater
1153 2943 1185 3005 in
1209 2947 1313 3006 ventre

263 3030 366 3096 arboris
389 3039 449 3098 tota
473 3038 572 3097 nocte.
601 3035 693 3097 Mane
715 3051 790 3096 vero
813 3051 883 3096 cum
900 3034 1032 3096 venisset
1055 3032 1147 3095 iudex
1170 3050 1240 3095 cum
1257 3049 1313 3094 sua

264 3117 361 3185 familia
376 3123 413 3186 ad
429 3124 566 3200 aborem,
582 3122 659 3187 stetit
675 3127 704 3185 et
719 3123 849 3202 quesivit
864 3123 904 3185 ab
919 3124 1038 3199 arbore,
1055 3122 1126 3202 quis
1141 3120 1314 3185 abstulisset

263 3217 416 3287 argentum.
450 3213 486 3275 Et
501 3211 693 3292 respondens
710 3212 759 3275 ille
782 3211 822 3275 de
838 3211 943 3275 medio
958 3212 1085 3288 arboris,
1109 3210 1198 3273 dixit:
1214 3209 1312 3274 Velox

263 3301 362 3380 accepit
390 3301 476 3364 illud.
524 3302 559 3364 Et
588 3301 774 3382 stupefactus
804 3300 898 3363 iudex
928 3319 1022 3381 super
1052 3301 1124 3376 hoc,
1154 3299 1251 3362 volvit
1279 3317 1312 3362 sc

225 3387 388 3469 mundique
410 3395 440 3453 et
463 3390 617 3453 neminem
641 3389 772 3454 videbat.
814 3389 879 3463 Qui
908 3389 1041 3470 precepit
1063 3393 1097 3451 ut
1118 3392 1314 3469 apportarent

265 3471 340 3555 ligna,
362 3483 395 3542 ut
407 3479 623 3543 accenderetur
639 3479 719 3559 ignis
735 3479 766 3542 in
782 3478 908 3542 circuitu
924 3478 1053 3541 arboris.
1093 3479 1214 3541 Etcum
1230 3477 1314 3540 calor

265 3566 288 3624 et
302 3564 398 3631 fumus
413 3568 624 3649 pervenissent
639 3567 677 3630 ad
701 3567 789 3630 illum
813 3567 866 3647 qui
883 3571 946 3630 erat
968 3568 1058 3646 intus,
1082 3566 1162 3648 cepit
1184 3566 1313 3629 clamare

265 3649 372 3735 fortiter,
387 3675 457 3721 cum
474 3656 607 3737 amplius
619 3657 750 3720 calorem
768 3674 831 3719 non
848 3661 953 3736 posset
968 3656 1104 3733 tolerare,
1120 3660 1150 3719 et
1165 3659 1313 3718 extractus

266 3745 301 3802 est
320 3744 387 3810 inde
414 3746 502 3827 quasi
534 3751 683 3809 mortuus,
731 3747 767 3808 fit
789 3745 898 3808 videns
927 3745 1021 3825 iudex
1053 3744 1194 3808 fraudem
1225 3744 1312 3823 hanc,

227 3833 405 3898 mundavit
430 3835 565 3899 fusticari
595 3835 713 3910 ambos,
744 3839 773 3898 et
800 3835 914 3898 restitui
942 3840 1102 3914 argeutum
1131 3833 1217 3898 socio
1245 3850 1313 3896 suo,

267 3915 375 3992 Quibus
396 3925 542 3988 fusticatis
566 3929 706 3988 mortuus
729 3928 774 3986 est
797 3928 889 4004 pater,
923 3925 959 3987 Et
980 3923 1133 4004 accipiens
1158 3923 1313 4003 Deceptor

267 4013 363 4084 patrem
391 4033 492 4091 suum,
525 4013 593 4077 tulit
620 4013 721 4094 ipsum
754 4017 911 4076 mortuum
942 4013 981 4075 ad
1010 4013 1139 4075 domum
1169 4029 1256 4075 suam
1284 4015 1314 4073 ct

268 4103 393 4165 remansit
421 4103 533 4167 dolens
568 4102 608 4166 de
638 4107 765 4182 argento
798 4102 913 4165 amisso
943 4106 972 4164 et
1001 4101 1041 4163 de
1071 4101 1223 4181 vituperio
1252 4099 1311 4162 sibi

268 4191 366 4254 cunctis
391 4194 430 4256 ab
460 4192 642 4256 hominibus
670 4191 772 4254 relato.
818 4190 1125 4268 Contristabaturque
1159 4189 1199 4252 de
1230 4192 1313 4268 patre

231 4281 316 4339 tusco
340 4287 467 4360 mortuo,
499 4282 587 4362 cuius
617 4281 682 4361 ipse
710 4283 772 4342 erat
799 4297 888 4343 causa
916 4279 1060 4354 efficiens,
1094 4295 1164 4340 cum
1192 4276 1311 4338 socium
