3525 5025
826 491 1069 547 4-104-

417 658 571 741 principes
594 676 684 724 mane
706 659 887 724 comedunt!
934 660 1054 723 Interim
1077 665 1179 724 autem
1203 662 1322 726 iuvenis
1347 662 1412 738 ille,
1437 661 1491 741 qui
1589 688 1590 693 ¹

417 752 532 829 patrem
557 748 649 812 morti
671 749 868 826 subtraxerat,
892 748 923 811 in
948 748 1031 812 curia
1046 754 1151 831 utpote
1167 751 1283 815 nobilis
1298 751 1492 827 morabatur,

416 854 585 918 musasque
615 837 674 901 sibi
706 836 879 919 propositas
910 837 948 901 ad
981 842 1096 919 patrem
1127 839 1158 901 in
1189 839 1297 904 abdito
1327 838 1494 914 referebat,
1589 898 1590 907 ,

360 938 402 985 ara
416 944 548 1007 quarum
571 925 758 990 solutionem
781 944 799 989 a
822 930 907 1008 patre
929 927 1100 1007 suscipiens
1122 927 1160 991 ad
1185 928 1330 1009 palatium
1356 932 1495 991 reverte·
1589 924 1590 937 ¹

415 1015 505 1081 batur
526 1033 640 1095 easque
663 1015 771 1079 iterum
794 1014 958 1095 diligenter
979 1016 1129 1080 ventilans
1151 1018 1340 1081 terminabat.
1393 1015 1495 1091 Quod

417 1122 488 1169 cum
512 1104 635 1169 cottidie
658 1104 843 1169 crescensin
859 1104 1006 1185 sapientia
1020 1110 1131 1185 ageret,
1154 1124 1323 1187 regemque
1339 1105 1495 1188 paulatim

416 1194 574 1258 reduceret
598 1193 638 1257 ad
668 1193 878 1257 rectitudinem
909 1194 969 1257 vite
999 1212 1185 1275 morumque
1216 1195 1421 1272 honestatem,
1456 1192 1496 1255 ad

416 1287 533 1348 butum
556 1282 623 1347 eius
638 1300 694 1363 pre
708 1282 815 1347 ceteris
829 1300 1019 1363 quamquam
1035 1284 1243 1349 nobilioribus
1259 1284 1498 1362 ditioribusque

361 1385 402 1432 aro
417 1377 542 1453 repente
565 1371 703 1453 pervenit
725 1372 956 1435 familiaritatem
972 1377 1002 1436 et
1016 1373 1187 1451 amicitiam,
1212 1378 1246 1436 ut
1261 1392 1332 1437 eum
1349 1374 1497 1454 primum

417 1466 447 1527 et
468 1478 562 1542 super
588 1478 698 1524 omnes
726 1461 896 1542 principem
927 1466 957 1524 et
978 1461 1188 1526 consiliarium
1211 1462 1377 1527 ordinaret
1432 1458 1497 1525 Sed

418 1550 461 1615 ob
485 1551 546 1613 hoc
567 1549 700 1613 maxime
729 1549 882 1613 sodalium
914 1555 1019 1614 contra
1049 1569 1121 1614 eum
1151 1552 1336 1616 suscitantur
1366 1549 1496 1625 insidie,

417 1639 489 1704 odia
511 1638 748 1703 suecenduntur.
781 1635 884 1720 [1534]
919 1639 1064 1704 Videntes
1091 1640 1174 1704 enim
1206 1642 1334 1705 iuvenes
1365 1639 1498 1705 nobiles

416 1745 557 1809 superse
573 1728 660 1791 illum
677 1728 847 1805 exaltatum,
865 1746 900 1792 se
915 1745 989 1792 vero
1005 1733 1038 1791 ut
1053 1729 1175 1793 inutiles
1190 1734 1292 1794 trusos
1308 1733 1496 1803 retrorsum,

361 1830 402 1877 aru
417 1816 658 1897 indignabantur
694 1817 892 1880 vehementer
929 1823 959 1881 et
992 1818 1180 1897 cogitabant,
1222 1818 1306 1882 unde
1344 1836 1423 1882 eum
1467 1818 1497 1878 et

416 1905 580 1987 quomodo
601 1910 785 1970 accusarent
826 1906 911 1969 Dum
934 1910 1034 1970 autem
1060 1906 1110 1970 hic
1133 1907 1164 1970 in
1188 1908 1358 1985 virtutibus,
1383 1906 1433 1970 illi
1460 1905 1493 1966 in

418 1995 531 2059 malitia
560 1999 736 2072 crescerent,
766 1994 849 2058 venit
879 1994 924 2058 eis
953 1994 993 2059 de
1023 2000 1106 2076 patre
1139 1996 1258 2060 iuvenis
1288 1997 1320 2059 in
1351 2000 1494 2059 mentem

417 2084 562 2165 suspicio,
586 2102 626 2148 ne
649 2084 726 2149 torte
748 2084 864 2148 viveret
886 2102 921 2147 ac
936 2084 1035 2147 tilium
1053 2085 1140 2149 istam
1155 2086 1279 2149 doceret
1294 2085 1492 2168 sapientiam.

418 2173 516 2249 Quod
539 2192 610 2238 cum
635 2173 810 2253 frequenter
836 2173 1133 2253 submurmurarent,
1164 2191 1221 2238 nec
1243 2179 1344 2237 tamen
1368 2174 1435 2238 hoc
1460 2174 1493 2234 ut

362 2277 403 2325 usu
417 2263 549 2326 dubium
581 2262 613 2325 in
644 2262 744 2343 palam
775 2260 923 2325 auderent
953 2262 1062 2340 dicere,
1093 2266 1197 2341 artem,
1228 2281 1290 2344 qua
1312 2267 1341 2326 et
1368 2268 1492 2344 patrem

418 2351 558 2433 prodant,
588 2356 792 2431 accusentque
822 2351 922 2414 lilium
956 2351 1175 2415 machinantur.
1222 2351 1347 2416 Adeunt
1372 2352 1491 2416 etenim

420 2459 523 2521 regem
547 2444 715 2522 petuntque
745 2444 778 2503 ut
807 2440 997 2522 sollempnes
1027 2439 1218 2523 principibus
1250 2440 1314 2504 suis
1346 2441 1493 2505 exhibeat

418 2531 511 2594 ludos
533 2531 783 2612 sollempnesque
798 2530 914 2611 epulas,
938 2530 1110 2612 precipiens
1129 2531 1245 2594 eunctis
1261 2549 1297 2593 ex
1321 2529 1433 2610 edicto,
1458 2531 1492 2593 ut

418 2620 548 2702 quilibet
577 2637 685 2683 eorum
709 2621 878 2683 amicorum
908 2619 1098 2700 precipuum,
1130 2620 1361 2700 pessimumque
1385 2618 1491 2683 inimi·

363 2722 404 2771 aa
419 2727 526 2775 corum
551 2709 772 2789 melioremque
803 2709 933 2772 mimum
962 2725 1148 2789 servumque
1178 2707 1352 2772 fideliorem
1380 2724 1489 2773 secum

418 2798 556 2864 adducat
604 2798 720 2861 Placuit
742 2798 769 2860 ei
793 2796 906 2878 petitio,
936 2801 1109 2860 statuuntur
1131 2796 1388 2878 sollempnizandi
1413 2797 1489 2872 dies,

420 2893 585 2953 evocantur
608 2887 770 2968 principes,
793 2885 982 2950 conveniunt
1003 2886 1128 2965 singuli.
1166 2885 1253 2949 Alius
1277 2885 1404 2967 quidem
1431 2899 1490 2969 pro

419 2979 519 3042 amico
542 2982 667 3058 patrem,
690 2976 767 3039 alius
791 2993 928 3053 uxorem,
952 2974 1030 3038 alius
1052 2975 1197 3038 amasiam
1221 2993 1291 3038 curn
1316 2994 1362 3053 eo,
1392 2991 1489 3056 quem

420 3068 518 3149 magis
541 3065 654 3143 oderat,
685 3083 786 3145 eoque
813 3083 906 3145 quem
937 3063 1111 3128 fideliorem
1143 3065 1324 3145 probaverat
1354 3081 1489 3140 servum,

364 3168 405 3215 aso
420 3156 517 3221 mimo
540 3173 667 3236 quoque
690 3173 783 3236 quem
800 3154 957 3217 invenerat
970 3153 1138 3231 meliorem,
1162 3171 1266 3218 secum
1283 3171 1353 3216 cum
1371 3170 1488 3235 magno

419 3244 497 3308 iastu
519 3244 686 3308 adducens.
732 3243 853 3306 interim
877 3247 979 3306 autem
1003 3243 1123 3306 iuvenis
1150 3243 1189 3305 ad
1213 3246 1328 3322 patrem
1353 3243 1491 3318 veniens

420 3333 447 3396 ei
463 3333 549 3411 quod
566 3337 686 3412 gestum
702 3334 806 3409 iuerat,
830 3332 987 3396 enarravit
1020 3331 1084 3405 Qui
1102 3349 1175 3396 mox
1190 3331 1299 3394 dolum
1315 3331 1491 3412 intelligens

420 3421 586 3504 interrogat
616 3422 724 3500 tilium,
754 3421 780 3485 si
805 3439 886 3501 quos
910 3421 1035 3485 haberet
1057 3421 1186 3499 emulos,
1216 3419 1385 3501 accipitque
1417 3438 1490 3484 eum

421 3510 562 3573 omnium
585 3510 738 3574 sodalium
763 3511 910 3575 invidiam
935 3509 1094 3574 etodium
1119 3509 1291 3574 incurrisse.
1337 3510 1427 3573 Tunc
1450 3508 1490 3573 ad

364 3597 520 3661 auritium
545 3604 642 3679 pater:
675 3599 745 3664 Scio
768 3600 816 3677 ait
839 3600 884 3663 fili
909 3600 960 3677 mi,
985 3603 1109 3681 propter
1132 3617 1181 3662 me
1205 3603 1234 3663 et
1255 3603 1284 3662 te
1307 3598 1368 3662 hoc
1391 3600 1492 3663 exisse

420 3687 575 3750 decretum
592 3693 621 3751 et
641 3689 697 3752 hec
712 3688 896 3771 sollempnia
911 3689 1065 3766 celebrari,
1089 3692 1123 3752 ut
1137 3707 1208 3752 cum
1224 3692 1256 3752 tu
1273 3705 1330 3765 me,
1353 3687 1490 3752 amicum

421 3775 534 3841 scilicet
563 3781 650 3840 tuum
682 3778 849 3853 meliorem,
886 3778 949 3858 regi
983 3777 1140 3855 obtuleris,
1174 3777 1323 3841 continuo
1354 3781 1389 3840 ut
1420 3795 1492 3842 reus

420 3868 675 3945 contemptorque
705 3865 816 3931 decreti
849 3866 938 3946 regis,
969 3866 1041 3947 quia
1064 3867 1139 3931 olim
1164 3883 1213 3928 me
1237 3882 1300 3929 non
1324 3865 1491 3946 occideras,
1589 3861 1590 3868 '

420 3954 579 4018 accuseris.
625 3953 685 4018 Sed
709 3958 740 4017 tu
771 3954 863 4032 aliter,
894 3973 988 4035 quarn
1016 3960 1140 4036 sperant
1166 3954 1269 4032 emuli,
1300 3954 1417 4017 taciens
1441 3973 1491 4020 me

365 4058 406 4104 auo
421 4043 460 4108 ad
484 4059 610 4123 presens
632 4043 750 4106 omisso
773 4061 878 4107 canem
903 4047 933 4106 et
955 4044 1085 4122 asinum,
1116 4061 1244 4106 uxorem
1268 4045 1298 4105 et
1324 4044 1490 4122 parvulum

421 4133 460 4197 ad
491 4150 594 4213 regem
625 4131 766 4195 omnium
798 4132 925 4196 ultimus
956 4132 1139 4196 introducas.
1187 4133 1223 4196 Et
1252 4131 1353 4211 [l54²]
1383 4132 1491 4198 docuit

423 4241 493 4286 eum
518 4226 609 4303 pater,
640 4237 733 4300 quem
766 4220 877 4284 horum
905 4221 1048 4297 amicum,
1078 4237 1171 4299 quem
1196 4219 1363 4296 inimicum,
1394 4239 1490 4300 quem
