3525 5025
651 510 875 565 „91-

252 679 397 759 „Quitquit
418 680 472 743 tibi
496 679 600 760 placet,
625 680 686 743 hoc
707 683 737 743 et
759 679 881 745 michi.u
930 679 1002 755 Que
1024 680 1076 744 ait:
1107 680 1219 746 „Dabo
1242 680 1297 745 tibi

250 768 353 830 bonum
375 768 546 832 consilium.
593 769 701 831 Dicam
727 769 829 849 primo
859 768 945 832 militi
970 768 1055 849 quod
1086 769 1116 832 in
1145 768 1298 851 principio

250 858 334 921 noctis
360 876 427 921 cum
458 858 587 922 florenis
614 857 722 936 veniat
753 857 909 921 secundus
932 858 963 919 in
986 858 1157 938 gallicantu,
1188 858 1299 923 tercius

204 962 239 1006 aar
252 946 279 1007 in
298 964 398 1009 aurora
424 960 495 1009 cum
525 947 693 1027 promissis.
739 948 785 1010 Tu
810 965 884 1011 vero
908 965 978 1010 cum
1008 946 1113 1027 gladio
1136 948 1298 1028 euaginato

251 1035 330 1098 stabis
351 1041 427 1099 retro
451 1037 582 1114 ianuam,
613 1041 643 1098 et
669 1054 739 1099 cum
769 1036 899 1116 quilibet
922 1036 1085 1113 intrauerit,
1109 1054 1204 1099 vnum
1229 1041 1299 1117 post

249 1123 328 1186 alium
351 1125 520 1203 interficies,
543 1129 573 1188 et
594 1125 639 1189 sic
660 1124 798 1189 florenos
822 1125 1006 1189 habebimus
1029 1130 1058 1188 et
1080 1143 1140 1205 ego
1163 1142 1226 1189 non
1244 1143 1298 1189 ero

250 1214 380 1291 cogitur
419 1215 459 1277 tlt
481 1214 544 1276 ille:
572 1214 700 1279 „Timeo
723 1215 809 1294 quod
834 1214 865 1276 in
886 1214 1040 1278 occisione
1056 1219 1160 1295 postea
1184 1215 1299 1279 erimus

241 1302 397 1381 ‘depehensi
428 1308 458 1365 et
487 1321 543 1383 per
576 1321 770 1382 consequens
812 1303 892 1366 mala
934 1307 1032 1366 morte
1067 1303 1295 1384 morilemur].‘⁴

206 1389 311 1462 sanQue
331 1392 379 1455 ait:
411 1391 514 1457 „Istud
538 1410 618 1472 opus
641 1411 701 1471 ego
725 1391 839 1472 incipio
867 1396 897 1455 et
920 1392 1038 1455 bonum
1062 1392 1156 1456 finem
1181 1392 1298 1456 faciam.

251 1479 311 1542 Noli
335 1480 472 1544 timerelt
521 1481 620 1557 Miles,
650 1500 721 1544 curn
753 1482 813 1545 lroc
842 1481 985 1559 audisset,
1016 1482 1069 1545 ait:
1104 1481 1297 1547 „Consilium

249 1571 322 1631 tuum
343 1570 548 1650 adimplebo.t
598 1570 735 1633 Domina
757 1570 855 1633 statim
880 1589 938 1651 pro
966 1571 1068 1650 primo
1092 1571 1186 1634 milite
1210 1571 1297 1649 misit,

250 1660 277 1717 ut
302 1658 336 1720 ad
369 1678 434 1722 eam
470 1660 594 1721 veniret.
650 1658 702 1721 llle
732 1677 807 1723 vero
845 1660 943 1723 statim
983 1678 1015 1723 se
1050 1660 1076 1723 ei
1116 1660 1300 1741 presentauit

251 1746 300 1822 (BL
323 1748 436 1828 totu),
461 1766 524 1828 que
545 1748 598 1810 ait:
629 1747 823 1826 „Karissime
847 1749 872 1811 si
895 1766 1032 1812 amorem
1058 1767 1160 1812 meum
1186 1748 1299 1812 habere

208 1834 394 1916 uodesideras,
425 1838 458 1900 in
482 1838 537 1899 ista
567 1842 656 1901 nocte
683 1836 714 1899 in
746 1837 898 1919 principio
927 1838 958 1900 in
990 1836 1172 1901 obscuritate
1195 1836 1299 1901 venias

251 1941 308 1985 cum
323 1926 446 1989 florenis
462 1931 492 1989 et
506 1926 692 1989 voluntatem
709 1930 792 1988 tuam
810 1926 977 2008 perficies.¹¹
1010 1927 1049 1990 tlt
1065 1926 1127 1989 ille:
1154 1965 1167 1993 ,ι
1175 1926 1299 1990 Paratus

250 2029 317 2075 crof
361 2015 467 2079 Statim
491 2015 620 2078 recessit.
662 2015 784 2078 Deinde
807 2034 865 2096 pro
888 2015 1026 2080 secundo
1050 2016 1145 2078 milite
1167 2016 1249 2079 misit
1271 2020 1300 2079 et

250 2101 271 2162 ei
290 2102 357 2166 dixit
379 2110 413 2167 ut
435 2104 542 2167 eadem
567 2109 656 2167 nocte
677 2104 708 2167 in
732 2104 894 2184 gallicantu
911 2104 1027 2168 veniret
1049 2122 1118 2168 curn
1144 2104 1298 2185 peccunia.

251 2189 291 2253 llle
309 2210 379 2256 vero
402 2193 442 2256 de
465 2194 527 2256 hoc
549 2194 675 2273 gauisus
698 2193 828 2257 recessit
861 2194 983 2257 Deinde
1006 2211 1064 2274 pro
1088 2193 1181 2257 tercio
1206 2194 1300 2256 milite

210 2280 324 2359 annuit,
346 2286 379 2344 ut
399 2281 439 2344 ad
463 2301 531 2345 eam
548 2283 675 2361 veniret;
699 2282 753 2363 qui
772 2301 842 2345 cum
860 2283 998 2361 venisset,
1022 2282 1077 2345 ait:
1105 2282 1299 2360 „Karissime

250 2367 294 2431 ista
314 2376 398 2435 nocte
421 2372 454 2434 in
477 2389 588 2435 aurora
610 2372 649 2434 ad
674 2390 723 2435 me
746 2372 852 2435 venies
874 2390 944 2434 cum
969 2372 1116 2451 peccunia
1138 2376 1166 2433 et
1189 2370 1299 2435 volun-

249 2459 322 2521 tatem
344 2464 426 2524 tuam
450 2460 663 2543 adimplebis.¹‘
702 2463 738 2524 Et
753 2461 805 2524 ait:
832 2460 934 2526 „lstud
951 2465 1073 2541 tempus
1090 2478 1152 2524 non
1170 2461 1299 2538 omittas,

249 2548 307 2625 quia
331 2550 413 2613 aliud
446 2556 568 2632 tempus
596 2550 709 2614 habere
737 2567 800 2614 non
830 2551 978 2631 poteris!¹¹
1026 2550 1066 2612 At
1089 2550 1151 2613 ille:
1186 2551 1298 2616 „nlichi

250 2634 314 2700 bene
335 2640 459 2719 placet.¹¹
509 2640 590 2703 Cum
622 2657 684 2702 nox
715 2639 841 2717 adesset,
873 2640 991 2721 primus
1022 2639 1109 2702 miles
1141 2639 1171 2702 in
1203 2639 1300 2702 noctis

212 2725 416 2792 blobscuritate
439 2729 534 2807 venit,
557 2729 650 2806 adest,
673 2727 712 2790 ad
737 2729 858 2791 ianuam
883 2729 1026 2808 pulsauit.
1067 2728 1118 2791 llla
1140 2747 1214 2792 vero
1238 2734 1301 2792 erat

251 2820 335 2890 parata
363 2822 392 2880 et
421 2818 475 2880 ait:
509 2817 691 2897 „Numquid
721 2817 859 2880 florenos
888 2822 988 2881 tecum
1019 2819 1186 2898 portasti?¹¹
1236 2817 1299 2891 Qui

249 2901 292 2965 ait:
321 2906 456 2971 ‚Omnia
479 2911 581 2986 parata
604 2907 735 2970 habeor
786 2906 837 2968 llla
860 2925 934 2970 vero
963 2907 1084 2969 ianuam
1109 2907 1249 2987 apperuit
1272 2911 1301 2970 et

250 3008 307 3055 eum
335 2995 444 3058 intrare
475 2995 620 3075 permisit
674 2995 756 3058 Cum
789 3013 863 3058 vero
895 2997 1044 3072 intrasset,
1079 2996 1204 3058 maritus
1234 2997 1300 3059 eius

250 3081 336 3146 subito
359 3103 430 3147 eum
455 3085 487 3146 in
511 3085 607 3165 capite
623 3102 722 3164 usque
737 3084 776 3147 ad
797 3085 912 3148 cerebri
934 3084 1119 3148 effusionem
1144 3085 1299 3165 percussit,

214 3177 241 3224 lto
252 3174 274 3229 et
285 3179 418 3236 mortuus
433 3178 486 3237 est.
524 3173 650 3254 Corpus
672 3173 739 3236 eius
755 3173 785 3235 in
802 3192 952 3236 cameram
973 3174 1121 3254 priuatam
1138 3179 1300 3237 traxerunt.

251 3255 325 3322 Circa
352 3263 548 3342 gallicantum
580 3263 663 3325 venit
692 3263 848 3325 secundus
879 3262 966 3326 miles
997 3281 1067 3326 cum
1099 3264 1243 3343 peccunia
1272 3269 1301 3326 et

251 3348 343 3412 eonem
367 3350 464 3414 modo
487 3356 532 3414 est
555 3352 729 3414 interfectus
752 3357 781 3414 et
804 3352 834 3413 in
856 3352 985 3414 eandem
1007 3370 1157 3414 cameram
1182 3357 1300 3416 tractus.

251 3433 276 3495 ln
296 3456 400 3503 aurora
423 3441 534 3504 tercius
557 3441 645 3504 miles
668 3459 737 3504 cum
763 3441 909 3521 peccunia
931 3441 1015 3503 venit
1037 3446 1065 3503 et
1087 3441 1179 3504 simili
1205 3442 1301 3506 modo

251 3530 286 3586 cst
299 3527 467 3592 interfectus
482 3534 512 3592 et
527 3531 559 3592 in
575 3529 703 3593 eandem
728 3548 878 3592 cameram
903 3530 1030 3610 positus.
1070 3531 1140 3592 Hoc
1163 3529 1241 3593 facto
1261 3531 1302 3592 ait

214 3617 242 3667 lu
252 3613 336 3680 miles:
354 3619 403 3684 „0
417 3619 500 3682 bona
515 3619 650 3697 domina,
666 3619 691 3682 si
704 3619 760 3682 ista
775 3637 906 3699 corpora
918 3618 1080 3682 nobiscum
1097 3619 1221 3681 inuenta
1235 3619 1301 3681 fue-

252 3701 307 3781 rint,
317 3707 489 3788 turpissima
497 3713 595 3771 morte
608 3708 823 3788 condempnati
832 3708 955 3785 erimus,
968 3707 1041 3787 quia
1054 3727 1116 3771 non
1127 3713 1226 3789 potest
1235 3727 1301 3771 esse

252 3793 313 3868 quin
327 3796 378 3859 fiat
392 3798 513 3877 questio
525 3798 556 3859 in
570 3797 653 3859 curia
669 3797 867 3878 imperatoris,
884 3816 949 3876 quo
965 3797 1075 3860 milites
1091 3798 1298 3861 deuenerint.¹‘

252 3877 347 3947 nilla:
366 3887 531 3963 „Domine
542 3904 601 3966 ego
614 3887 694 3948 istud
710 3886 822 3949 factum
837 3885 936 3966 incepi
953 3891 982 3948 et
993 3905 1053 3966 ego
1070 3886 1188 3949 bonum
1205 3886 1300 3948 linem

253 3976 423 4051 perpetrabo.
453 3975 525 4038 Noli
539 3976 658 4038 timere!
688 3975 799 4038 Adhuc
815 3975 940 4054 ignoras
956 3975 1089 4039 malicias
1106 3975 1298 4037 muliemm.u

217 4055 374 4126 ltlDomina
397 4065 451 4128 ista
478 4082 660 4144 germanum
685 4064 822 4140 habebat,
847 4064 900 4142 qui
925 4069 987 4126 erat
1010 4065 1141 4144 peruigil
1165 4064 1301 4127 ciuitatis.

255 4143 295 4209 llla
322 4171 403 4230 vero,
438 4172 510 4216 cum
546 4153 712 4234 peruigiles
740 4153 891 4215 ciuitatem
927 4153 1108 4229 circuibant,
1145 4153 1176 4214 in
1212 4153 1302 4213 ianua

254 4233 349 4303 domus
370 4261 424 4306 sue
447 4243 533 4319 stetit,
567 4248 687 4305 etcum
712 4242 803 4304 frater
830 4259 906 4303 suus
930 4241 960 4303 in
993 4242 1089 4321 platea
1117 4240 1301 4314 ambulabat,
