3525 5025
853 476 1073 534 ...³4-

429 648 510 712 illius
533 648 635 713 verbis
658 647 769 729 inquit:
793 647 909 726 Amice,
932 648 958 712 si
981 666 1053 712 vera
1074 651 1147 713 sunt
1162 665 1242 728 quae
1258 646 1384 712 retulisti
1400 647 1495 711 leram
1575 641 1577 712 l

429 736 501 801 inde
530 736 585 801 tibi
614 737 772 801 auxilium.
819 737 856 800 et
886 737 949 801 ille:
980 736 1154 812 Quomodo
1184 740 1272 818 potes
1302 737 1364 800 hoc
1389 736 1495 812 lacere,
1575 771 1577 774 ·

372 844 414 891 un
428 825 538 891 ancilla
554 826 635 891 Dei?
659 862 686 872 -
710 826 749 890 At
764 826 816 889 illa
829 826 943 907 inquit:
966 826 1078 889 Adduc
1097 825 1173 889 milri
1188 825 1348 889 hominem
1364 825 1405 889 de
1420 830 1497 889 terra

428 920 486 993 tua,
518 916 607 997 cuius
632 914 718 979 tactis
741 918 770 978 et
792 914 880 979 dictis
910 915 1004 979 tidem
1036 914 1149 979 habere
1179 915 1287 995 possis.
1321 951 1346 958 -
1376 913 1418 978 nt
1448 914 1497 977 ille

427 1004 561 1069 adduxit
616 1004 739 1068 Deinde
768 1002 886 1085 decepti
916 1005 1003 1069 socio
1035 1003 1188 1085 praecepit
1214 1004 1321 1068 decem
1345 1003 1497 1085 cophinos

427 1093 558 1158 exterius
581 1092 723 1174 pretiosis
745 1092 883 1173 depictos
906 1093 1063 1158 coloribus
1085 1096 1177 1174 atque
1200 1092 1281 1156 terro
1301 1091 1497 1173 deargentato
1575 1133 1576 1136 =

428 1182 537 1263 ligatos
559 1199 629 1247 curn
654 1181 746 1246 bonis
768 1182 844 1247 seris
867 1200 977 1259 emere,
1004 1186 1035 1246 et
1062 1182 1102 1246 ad
1132 1182 1263 1245 domum
1291 1182 1340 1245 sui
1367 1181 1497 1263 hospitis

373 1289 414 1335 eoo
427 1271 530 1350 attere,
553 1269 769 1352 lapidibusque
792 1269 990 1336 comminutis
1013 1270 1150 1352 implere.
1194 1271 1234 1334 nt
1256 1270 1323 1351 ipse
1354 1270 1393 1334 ita
1426 1271 1495 1351 egit.
1575 1311 1576 1314 =

429 1366 458 1424 6.
482 1359 595 1423 Mulier
617 1378 700 1437 vero,
724 1364 757 1423 ut
779 1359 856 1424 vidit
878 1360 984 1424 omnia
1000 1379 1079 1441 quae
1095 1363 1288 1441 praeceperat
1302 1377 1370 1423 esse
1386 1363 1495 1440 parata,

427 1449 480 1512 ait:
509 1449 600 1513 Nunc
623 1448 728 1513 decem
754 1448 897 1512 homines
919 1450 1071 1531 perquire,
1095 1450 1149 1529 qui
1172 1453 1279 1513 euntes
1302 1448 1343 1511 ad
1366 1449 1496 1512 domurn

428 1538 510 1601 illius
532 1538 586 1618 qui
609 1538 770 1618 deceperat
791 1543 831 1616 te,
861 1557 982 1603 mecum
1013 1543 1139 1602 etcum
1163 1538 1249 1602 socio
1276 1543 1333 1601 tuo
1361 1538 1498 1601 deterant
1575 1555 1576 1572 ¹

427 1626 564 1705 scrinios,
589 1644 670 1691 unus
693 1632 763 1707 post
782 1628 885 1705 allum,
908 1627 1066 1691 venientes
1081 1627 1190 1692 ordine
1206 1627 1311 1707 longo.
1353 1628 1389 1690 Et
1403 1645 1496 1707 quarn

373 1716 488 1781 metro
512 1715 631 1797 primus
654 1717 771 1779 venerit
793 1716 829 1780 ad
859 1716 990 1781 domum
1019 1716 1156 1780 hominis
1186 1716 1241 1796 qui
1269 1720 1299 1778 te
1326 1716 1449 1797 decepit
1470 1720 1497 1779 et
1575 1755 1576 1764 .

428 1804 596 1887 requiescet
626 1804 676 1883 ibi,
708 1806 777 1868 veni
802 1809 831 1869 et
852 1810 894 1884 tu,
918 1811 948 1869 et
970 1823 1045 1886 roga
1069 1824 1126 1887 pro
1150 1805 1279 1886 pecunia
1302 1809 1363 1883 tua,
1386 1809 1417 1868 et
1439 1823 1497 1885 ego
1575 1867 1577 1880 ,

428 1893 573 1975 promitto
589 1893 644 1958 tibi
660 1894 691 1957 in
710 1894 858 1973 Domin0,
882 1894 969 1975 quod
993 1895 1111 1959 reddita
1125 1895 1180 1958 tibi
1197 1894 1328 1977 pecunia
1342 1894 1443 1959 fuerit
1464 1930 1489 1938 -
1575 1905 1576 1908 ’

431 1990 458 2047 7.
487 1984 527 2047 nt
558 1983 623 2064 ipse
655 1983 732 2048 sicut
761 1984 891 2064 jusserat
920 1984 1020 2047 vetula
1050 1984 1127 2047 lecit
1181 1982 1270 2058 Quae
1305 2001 1371 2046 non
1402 1984 1497 2047 oblita

429 2072 538 2153 incepti
563 2073 666 2153 operis
689 2072 775 2153 quod
799 2072 989 2154 praedixerat
1018 2072 1074 2135 iter
1101 2072 1222 2153 incepit,
1253 2076 1283 2136 et
1313 2072 1397 2135 venit
1426 2090 1496 2136 cunr

374 2179 414 2225 uo
429 2162 515 2225 socio
546 2162 663 2242 decepti
693 2161 732 2224 ad
763 2162 893 2226 domum
929 2161 1114 2242 deceptoris,
1148 2166 1179 2226 et
1208 2161 1320 2243 inquit:
1359 2160 1496 2236 Quidam

429 2251 524 2316 homo
552 2251 591 2314 de
616 2250 765 2332 Hispania
787 2250 957 2332 hospitatus
979 2255 1025 2315 est
1047 2269 1182 2328 mecum,
1213 2254 1242 2314 et
1271 2250 1337 2313 vult
1360 2252 1496 2314 Meccam

427 2340 520 2418 adire,
543 2340 723 2420 quaeritque
745 2359 764 2402 a
787 2358 836 2403 me
859 2340 983 2405 fidelem
1007 2340 1118 2419 virum,
1141 2340 1191 2403 cui
1214 2339 1310 2403 tradat
1333 2339 1495 2420 pecuniam

428 2446 524 2507 suam,
552 2446 631 2509 quae
661 2433 707 2493 est
736 2427 768 2491 in
798 2428 905 2493 decem
935 2428 1067 2507 scriniis,
1097 2429 1288 2507 servandam,
1319 2427 1423 2492 donec
1452 2447 1497 2491 re-

428 2522 567 2582 vertatur.
607 2519 720 2583 Precor
735 2519 836 2599 itaque
859 2523 893 2583 ut
916 2520 975 2582 mei
999 2537 1089 2584 causa
1113 2520 1145 2582 in
1167 2518 1243 2583 aede
1266 2522 1318 2582 tua
1332 2517 1496 2595 custodias,

373 2621 414 2670 uu
429 2612 458 2671 et
480 2607 554 2688 quia
575 2609 678 2672 audivi
702 2611 731 2672 et
753 2608 818 2673 scio
841 2612 869 2672 te
893 2610 1012 2673 bonum
1036 2613 1066 2672 et
1088 2607 1212 2672 fidelem
1236 2625 1303 2672 esse
1327 2607 1497 2685 hominem,

429 2698 504 2762 nolo
534 2698 666 2781 aliquem
690 2698 784 2762 aliurn
810 2702 926 2779 praeter
948 2702 978 2762 te
1000 2697 1101 2761 solum
1125 2698 1219 2778 huius
1242 2697 1391 2779 pecuniae
1412 2714 1498 2760 com-

429 2786 638 2852 mendatorem
655 2788 771 2853 adesse.
797 2823 824 2832 —
850 2793 877 2850 8.
896 2788 931 2850 Et
946 2786 1022 2850 dum
1035 2788 1075 2849 ita
1086 2787 1264 2866 loqueretur
1279 2785 1362 2849 venit
1378 2785 1498 2867 primus
1575 2806 1576 2847 τ

428 2875 569 2940 delerens
592 2877 751 2956 scrinium,
779 2877 846 2941 aliis
868 2896 887 2939 a
910 2876 1003 2956 longe
1025 2876 1251 2957 apparentibus.
1299 2875 1420 2939 lnterim
1445 2874 1498 2937 de·
1575 2882 1576 2893 ³

428 2969 533 3046 ceptus
568 2969 798 3045 praeceptorum
834 2966 952 3029 vetulae
990 2982 1054 3028 non
1097 2964 1212 3028 oblitus
1253 2967 1323 3046 post
1360 2965 1497 3044 primum

373 3069 414 3115 rao
428 3052 575 3115 scrinium
605 3052 683 3116 sicut
713 3053 740 3116 ei
773 3060 968 3137 praeceptum
999 3054 1096 3118 luerat
1123 3053 1214 3117 venit
1262 3053 1313 3117 llle
1339 3071 1415 3116 vero
1443 3052 1497 3132 qui

429 3140 589 3221 pecuniam
614 3141 761 3205 celaverat
783 3144 894 3224 plenus
918 3143 1070 3225 nequitiae
1093 3147 1122 3207 et
1144 3144 1241 3207 malae
1263 3142 1341 3219 artis,
1366 3145 1401 3204 ut
1422 3140 1499 3205 vidit

429 3229 587 3292 hominem
611 3229 783 3294 venientem
807 3233 855 3295 cui
881 3233 1041 3314 pecuniam
1065 3233 1224 3310 celaverat,
1254 3231 1365 3295 timens
1389 3248 1441 3308 ne,
1470 3229 1497 3293 si

429 3317 589 3399 pecuniam
622 3336 709 3383 suam
743 3321 917 3400 requireret,
947 3321 1026 3385 alius
1056 3323 1109 3403 qui
1140 3321 1301 3402 pecuniam
1331 3336 1421 3384 snam
1445 3318 1498 3382 ad-

428 3406 559 3471 ducebat
580 3407 638 3471 sibi
663 3426 727 3472 non
750 3409 959 3489 committeret,
981 3410 1080 3474 statim
1100 3416 1206 3475 contra
1220 3428 1291 3473 eum
1308 3408 1348 3473 ita
1362 3407 1498 3472 dicendo

373 3512 415 3558 aas
431 3495 573 3576 perrexit:
598 3502 627 3561 9.
652 3496 683 3561 Ο
706 3497 814 3577 amice,
844 3499 981 3564 ubitam
1010 3499 1064 3564 diu
1095 3500 1200 3564 luisti?
1231 3503 1259 3563 el
1282 3498 1336 3562 ubi
1361 3502 1498 3562 moratus

428 3585 485 3648 es?
530 3585 608 3650 Veni
636 3589 665 3650 et
693 3586 796 3668 accipe
826 3589 987 3668 pecuniam
1018 3593 1101 3653 tuam
1131 3589 1205 3653 fidei
1237 3606 1322 3651 meae
1351 3589 1414 3668 jam
1443 3587 1497 3650 diu

433 3674 686 3753 commendatam,
699 3678 847 3756 quoniam
860 3678 972 3757 inveni,
989 3684 1018 3743 et
1028 3678 1144 3744 amodo
1155 3678 1255 3742 taedet
1269 3695 1319 3740 me
1334 3677 1497 3741 custodire.

433 3797 466 3807 -
494 3763 535 3826 nt
557 3763 607 3826 ille
637 3763 732 3828 laetus
763 3765 889 3830 effectus
919 3768 1031 3849 recepit
1061 3768 1222 3849 pecuniam
1253 3767 1363 3848 gratias
1392 3783 1497 3847 agens

428 3851 537 3915 Vetula
567 3857 667 3917 autem
700 3857 733 3916 ut
759 3853 836 3917 vidit
865 3855 1025 3919 hominem
1057 3856 1218 3937 pecuniam
1254 3874 1341 3921 suam
1374 3856 1497 3931 habere,

373 3956 414 4003 uu
429 3941 559 4004 surrexit
581 3945 610 4004 et
632 3942 744 4022 inquit:
769 3943 885 4008 ibimus
907 3961 967 4024 ego
982 3948 1012 4008 et
1026 3945 1130 4009 socius
1145 3963 1233 4009 meus
1247 3949 1353 4009 contra
1367 3944 1498 4008 scrinios

430 4033 560 4109 nostros,
588 4035 618 4095 et
639 4031 782 4096 festinare
805 4033 1036 4115 praecipiemus.
1082 4033 1129 4096 Tu
1153 4052 1227 4098 vero
1250 4038 1373 4114 expecta
1396 4032 1498 4098 donec

430 4117 598 4199 redeamus,
631 4124 660 4184 et
687 4119 767 4186 bene
796 4139 882 4187 serva
913 4122 1000 4203 quod
1028 4123 1090 4200 jam
1117 4120 1313 4186 adduximus.
1371 4130 1421 4184 1ο.
1445 4122 1497 4184 llle

428 4213 529 4272 autem
559 4210 654 4273 laetus
682 4209 789 4275 animo
816 4212 903 4291 quod
931 4213 1086 4289 acceperat
1107 4210 1245 4285 servavit,
1267 4210 1497 4291 adventumque
1575 4266 1576 4281 ,
