3525 5025
667 487 888 542 ..49-

257 654 290 716 ad
311 656 406 720 socios
429 674 514 733 suos,
547 656 677 719 narravit
699 657 743 719 eis
766 650 872 719 om'nia
895 674 956 735 que
979 657 1101 734 feceram
1132 656 1186 737 qui
1210 657 1310 738 ipsum
1422 658 1427 667 ’

257 743 444 807 laudaverunt
467 763 564 826 super
586 745 653 809 boc.

647 893 674 951 s.
712 888 765 969 l=
790 887 820 951 s.
847 887 909 968 ta]

215 1026 246 1069 uu
338 1013 455 1076 Dicitur
478 1012 574 1075 fuisse
600 1012 682 1093 apud
706 1011 872 1092 quemdam
897 1012 1000 1075 locum
1029 1030 1117 1075 secus
1144 1014 1224 1076 viam
1254 1014 1310 1092 leo,

257 1102 299 1162 cui
314 1105 393 1164 erant
408 1106 470 1165 tres
486 1100 570 1177 socii,
594 1101 705 1164 scilicet
721 1101 820 1182 lupus,
845 1118 957 1164 corvus
972 1105 1001 1163 et
1016 1101 1132 1182 vulpes.
1167 1101 1310 1176 Quadam

257 1208 321 1253 vcro
336 1190 383 1254 die
399 1209 471 1254 curn
488 1190 715 1270 pertransierint
739 1208 793 1270 per
815 1189 901 1252 illurn
921 1190 1022 1254 locum
1039 1191 1182 1254 homines
1198 1209 1311 1255 merca·

257 1282 336 1357 lorea,
364 1280 555 1359 reliquerunt
582 1279 623 1341 ibi
655 1296 752 1341 unum
781 1279 931 1341 carnelum
962 1280 1025 1359 qui,
1053 1298 1124 1343 curn
1152 1286 1310 1360 egrotaret,

258 1385 313 1429 non
335 1372 449 1450 poterat
472 1387 506 1431 se
528 1368 685 1431 sustinere.
726 1368 761 1429 Et
784 1368 1001 1447 perambulans
1017 1369 1151 1432 camelus
1175 1371 1312 1450 pervenit

215 1456 292 1517 ruad
307 1457 431 1520 leonem.
467 1456 527 1519 Cui
552 1456 628 1519 dixit
650 1457 712 1519 leo:
734 1456 783 1518 Ad
802 1457 877 1536 quid
894 1456 1024 1519 venisti?
1062 1457 1123 1521 Cui
1140 1458 1310 1539 respondit:

258 1546 328 1608 Volo
354 1564 418 1609 esse
449 1545 599 1609 obediens
628 1546 691 1625 regi
720 1550 749 1607 et
776 1544 842 1608 eius
870 1545 1010 1609 mandata
1040 1546 1216 1627 adimplere.
1261 1548 1312 1610 Ait

259 1633 311 1696 leo:
334 1634 363 1698 Si
379 1653 477 1698 meam
494 1634 597 1713 diligis
612 1634 784 1697 societatem
801 1638 830 1697 et
847 1635 942 1697 fueris
958 1634 1033 1697 mibi
1048 1635 1157 1713 fidelis,
1173 1637 1312 1700 manebis

259 1741 367 1785 mecum
390 1741 460 1786 cum
487 1722 600 1785 fiducia
623 1727 652 1785 et
675 1724 784 1803 quiete,
813 1741 869 1786 nec
892 1724 1014 1787 timebis
1036 1723 1162 1803 aliquod
1187 1726 1310 1788 malum.

258 1810 334 1873 Stetit
354 1813 452 1892 itaque
476 1813 610 1875 camelus
633 1830 703 1875 cum
732 1812 821 1875 leone
844 1811 986 1894 pluribus
1009 1813 1128 1877 diebus.
1166 1814 1310 1888 Quadam

216 1916 326 1964 novero
353 1902 408 1978 die,
444 1919 515 1964 cum
546 1902 679 1964 venisset
707 1900 755 1964 leo
785 1902 824 1963 ad
856 1901 1041 1979 venandum,
1078 1903 1254 1983 supervenit
1283 1905 1309 1966 ei

259 1989 377 2069 elephas,
401 1991 454 2070 qui
478 2009 548 2053 curn
573 1993 723 2070 pugnaret
741 1990 889 2053 adversus
907 2008 978 2053 eum
994 1991 1119 2069 fortiter,
1143 1992 1312 2055 momordit

259 2095 322 2139 eum
344 2079 463 2159 elephas
479 2079 623 2142 dentibus
639 2079 670 2141 in
687 2079 790 2142 multis
814 2079 897 2157 locis,
921 2083 951 2141 et
969 2097 1038 2142 curn
1054 2098 1072 2142 a
1087 2080 1152 2143 suis
1168 2081 1311 2144 manibus

259 2167 395 2245 evasisset,
425 2168 489 2231 ibat
515 2168 672 2231 involutus
699 2168 849 2247 sauguine
873 2173 901 2230 et
923 2169 1040 2248 absque
1063 2169 1180 2247 virtute,
1211 2169 1311 2234 donec

260 2257 442 2334 pervenitad
468 2256 570 2320 locum
594 2275 695 2334 suum,
727 2275 784 2320 nec
811 2261 928 2338 poterat
955 2258 1101 2337 deinceps
1127 2259 1230 2321 venari
1255 2276 1311 2321 nec

216 2360 248 2404 nu
260 2344 374 2408 circuire
395 2350 513 2411 terram.
562 2348 597 2409 Et
623 2345 735 2409 factum
765 2350 816 2423 est,
847 2364 917 2409 cum
946 2347 1072 2409 esuriret
1103 2346 1151 2410 leo
1179 2351 1209 2409 et
1235 2349 1309 2411 socii

259 2434 300 2494 sui
327 2452 378 2497 nec
407 2435 554 2498 haberent
580 2436 694 2515 cibum,
725 2439 754 2497 et
781 2434 942 2499 deficiebat
969 2436 1013 2498 eis
1042 2454 1110 2499 esca
1137 2454 1230 2517 quam
1261 2437 1310 2500 leo

259 2523 364 2586 solebat
391 2526 434 2588 eis
462 2525 614 2604 exhibere,
646 2525 757 2588 factum
788 2529 833 2588 est
862 2525 924 2588 hoc
950 2526 994 2588 eis
1021 2524 1110 2588 valde
1138 2526 1310 2589 molestum.

261 2613 292 2672 lit
311 2615 494 2678 contristatus
517 2615 567 2677 leo
590 2632 684 2694 super
706 2614 773 2692 hoc,
797 2615 838 2677 ait
860 2615 916 2676 eis:
944 2615 1077 2677 Multum
1102 2615 1260 2678 laborastis
1283 2621 1311 2679 et

260 2700 387 2781 indigetis
420 2703 500 2766 cibo.
550 2702 611 2766 Cui
646 2703 802 2766 dixerunt:
838 2703 911 2767 Non
946 2703 1088 2767 dolemus
1120 2708 1236 2767 tannim
1271 2705 1310 2768 de

217 2803 248 2848 rau
261 2792 387 2868 personis
410 2791 530 2868 nostris,
562 2794 711 2872 quantum
735 2791 774 2854 de
804 2809 936 2872 persona
964 2793 1053 2872 regis,
1084 2792 1311 2857 considerantes

260 2876 395 2943 defectum
418 2886 515 2960 tuum,
542 2885 572 2944 et
594 2880 680 2960 quod
704 2898 866 2964 possemus
889 2881 1006 2961 aliquid
1031 2881 1149 2944 bonum
1174 2882 1311 2946 invenire

261 2985 309 3044 pro
330 2973 356 3031 te
377 2989 446 3033 cum
471 2974 577 3033 nostro
601 2970 742 3033 exercitio
766 2973 795 3032 et
821 2970 935 3048 labore,
959 2971 1107 3049 quoniam
1135 2970 1311 3035 laboramus

260 3055 413 3137 diligenter.
468 3059 505 3120 Et
537 3059 578 3121 ait
612 3059 656 3121 eis
691 3059 752 3122 leo:
788 3058 867 3135 Scio,
903 3059 1039 3139 inquam,
1074 3058 1248 3123 fidelitatem
1282 3065 1311 3123 et

261 3144 438 3210 dilectionem
473 3151 603 3211 vestram
639 3166 711 3228 erga
746 3166 795 3211 rne
830 3152 859 3210 et
889 3148 1007 3211 bonum
1043 3149 1217 3227 consilium,
1252 3167 1310 3230 pro

218 3247 250 3292 ru
262 3235 361 3311 quibus
383 3236 460 3300 deus
484 3240 664 3300 remuneret·
678 3237 768 3300 vobis
784 3237 879 3314 bona;
903 3241 1112 3300 verumtamen
1133 3237 1158 3300 si
1182 3239 1311 3318 possetis

259 3322 370 3388 circuire
397 3344 549 3406 campum,
580 3326 707 3389 forsitan
738 3326 915 3388 inveniretis
945 3326 1062 3405 aliquid
1093 3326 1171 3390 circa
1200 3345 1255 3390 vos
1282 3333 1310 3392 et

258 3410 384 3478 deferetis
411 3415 501 3493 mihi;
529 3415 585 3478 erit
607 3415 667 3478 boc
689 3415 809 3482 bonum
833 3433 958 3494 prome
981 3419 1010 3478 et
1032 3415 1130 3479 vobis.
1165 3414 1310 3496 Cumque

259 3501 360 3566 exirent
386 3509 415 3567 et
441 3522 474 3567 se
502 3504 723 3585 prolongarent
748 3504 887 3581 alcone,
915 3505 1092 3585 congregati
1120 3509 1192 3568 sunt
1218 3505 1309 3568 simul

260 3588 346 3670 lupus,
375 3593 484 3675 vulpes
512 3597 541 3656 et
568 3611 688 3671 corvus,
719 3598 748 3655 et
770 3598 900 3673 egerunt
921 3594 1084 3656 consilium
1107 3593 1146 3656 ad
1171 3593 1310 3657 invicem.

219 3677 291 3739 mEt
310 3680 448 3745 dixerunt
468 3681 508 3744 ad
532 3682 676 3744 invicem:
705 3681 791 3756 Quid
816 3683 876 3746 hoc
904 3682 1066 3746 nobiscum
1090 3683 1145 3746 iste
1167 3683 1309 3761 camelus,

259 3784 318 3830 cum
340 3771 479 3834 comedat
501 3771 613 3834 herbas
636 3789 694 3834 nos
717 3789 792 3835 vero
807 3789 921 3848 carues,
946 3789 1002 3834 nec
1025 3775 1069 3834 est
1092 3771 1131 3835 de
1153 3789 1266 3850 genere
1283 3777 1311 3835 et

259 3858 373 3922 consilio
396 3861 525 3923 nostro?
565 3861 638 3923 Non
661 3864 707 3923 est
729 3861 821 3924 nobis
844 3861 954 3923 melius
977 3861 1035 3923 nisi
1059 3860 1102 3922 ire
1125 3859 1163 3922 ad
1188 3861 1309 3924 leonem

259 3949 282 4005 et
301 3947 353 4011 sibi
376 3949 537 4013 consulere
565 3949 651 4029 quod
675 3949 816 4012 comedat
843 3949 953 4028 ipsum,
982 3953 1012 4010 et
1040 3953 1215 4030 reputemus
1238 3969 1309 4013 eum

259 4033 337 4099 vilem
366 4042 396 4101 et
425 4038 603 4118 despectum
635 4038 666 4100 in
699 4038 796 4101 oculis
825 4039 898 4100 suis.
943 4037 993 4099 llit
1023 4037 1115 4118 lupus
1145 4038 1202 4099 eis:
1237 4039 1309 4102 Non

220 4129 346 4200 upotest
367 4127 428 4191 boc
451 4127 526 4203 fieri,
551 4145 608 4190 nec
631 4127 716 4189 decet
739 4143 798 4189 nos
820 4125 936 4203 aliquid
953 4125 993 4186 de
1008 4126 1077 4202 ipso
1093 4125 1205 4185 referre
1229 4126 1310 4185 leoni

258 4219 369 4296 propter
391 4216 487 4278 fidem
511 4233 604 4295 quam
629 4214 713 4276 dedit
735 4214 803 4276 sibi.
848 4212 899 4273 Ait
921 4227 1045 4272 corvus:
1069 4209 1176 4270 Sedete
1199 4225 1255 4266 vos
1278 4209 1309 4266 in

280 4332 385 4390 Ulricb‚
405 4334 546 4380 Lateinlsclre
559 4331 695 4378 Novellistilr
712 4331 751 4374 dds
766 4327 913 4372 Mittelalters.
1152 4325 1168 4369 4
