3525 5025
852 551 1155 612 -180-Ι

438 741 510 788 eum
533 724 644 790 videns
665 725 756 790 vellet
777 725 991 806 subterfugere
1018 729 1048 789 et
1073 726 1172 805 latere,
1203 725 1273 790 fecit
1297 745 1369 790 eum
1392 729 1509 806 vocari;

438 819 468 878 et
488 813 640 894 adiumnti
665 813 719 880 illo
747 819 853 880 sancto
876 813 963 895 quod
987 814 1100 878 diceret
1121 814 1198 894 quid
1222 821 1365 895 quereret
1386 820 1417 890 et
1440 817 1510 897 quis

438 907 525 982 esset,
547 901 621 968 dicit
641 920 676 968 se
697 921 765 969 esse
786 902 966 986 dyabolum,
989 908 1018 968 et
1033 904 1118 984 quod
1141 922 1196 985 per
1216 904 1386 970 duodecim
1408 923 1510 971 annos

385 1007 426 1056 ru
439 995 648 1074 expecbvemt
668 992 797 1074 quando
824 997 928 1074 posset
951 991 1113 1074 deportare
1135 993 1300 1058 dominum
1325 994 1424 1074 illum,
1455 995 1509 1060 sed

439 1099 504 1146 non
520 1081 627 1162 pontit,
650 1081 723 1163 quie
738 1082 869 1164 singulis
883 1081 996 1147 diebus
1010 1087 1127 1163 septem
1142 1082 1263 1147 vicibus
1277 1102 1350 1147 cum
1367 1084 1509 1150 flectione

437 1187 576 1252 genuum
600 1171 718 1235 beatum
741 1171 901 1252 Virginem
929 1171 1078 1236 salutabat
1100 1176 1129 1235 et
1151 1176 1267 1254 septem
1293 1172 1383 1237 Pater
1405 1178 1510 1238 noster

437 1259 566 1325 dicebat
610 1259 778 1340 nujuntus
799 1278 838 1324 ex
860 1265 945 1342 parte
968 1260 1054 1325 beate
1076 1261 1222 1341 Virginis,
1249 1263 1378 1326 cadaver
1400 1262 1508 1326 fedum

437 1347 470 1412 in
493 1366 559 1429 quo
581 1353 644 1413 emt
666 1348 852 1429 relinquens,
876 1348 965 1430 fugit.

820 1496 849 1556 o.
898 1490 1007 1572 1=s
1035 1491 1118 1572 ns]

383 1631 423 1678 no
528 1615 601 1680 itero
625 1616 735 1698 legitur
756 1615 989 1698 quodquidam
1013 1615 1179 1697 imperator
1195 1616 1354 1686 Romanus
1376 1636 1508 1682 uxorem

437 1703 544 1768 lubuit
577 1704 814 1787 pulcherrimam
848 1709 878 1770 et
912 1705 1124 1784 castissimam
1163 1705 1231 1786 qui,
1268 1706 1416 1771 recedens
1452 1725 1509 1789 pro

437 1794 575 1875 negociis
598 1793 727 1875 imperii,
751 1795 811 1859 sub
834 1793 974 1859 custodia
996 1794 1096 1858 fratris
1118 1795 1166 1858 sui
1190 1813 1319 1860 uxorem
1342 1800 1374 1859 et
1394 1801 1508 1860 terram

435 1881 560 1948 dimisit
608 1883 708 1964 Cujus
736 1884 862 1949 allectus
891 1884 983 1948 lraler
1013 1883 1228 1964 pulcritudine,
1259 1884 1409 1966 impetivit
1440 1903 1507 1950 eam

435 1972 597 2054 promissis
630 1978 660 2036 et
693 1973 786 2037 minis
816 1977 846 2037 et
878 1972 1049 2038 violenciis.
1095 1971 1177 2036 Cum
1212 1977 1313 2037 autem
1349 1974 1417 2055 ipsa
1453 1975 1509 2039 hec

382 2077 423 2124 uo
436 2061 568 2127 omnino
583 2066 739 2144 respueret
753 2068 783 2127 et
797 2080 831 2127 se
851 2063 893 2127 ab
916 2080 954 2126 eo
977 2061 1102 2125 viriliter
1116 2061 1302 2141 defenderet,
1324 2063 1509 2129 adveniente

435 2150 627 2231 impemtore,
662 2151 753 2215 frater
782 2168 972 2232 precurrens,
1007 2155 1041 2214 ut
1071 2151 1205 2234 Egypcia
1230 2151 1353 2232 loseph,
1389 2153 1507 2216 crimen

436 2243 617 2321 retorquens
651 2239 683 2304 in
718 2258 800 2320 eam,
834 2240 903 2304 viro
933 2257 991 2305 suo
1022 2259 1088 2304 eam
1119 2240 1270 2305 accusavit
1277 2262 1285 2319 ;
1320 2241 1369 2304 cui
1401 2240 1509 2306 leviter

434 2327 572 2406 credens,
595 2347 662 2392 earn
686 2329 745 2393 sibi
768 2333 976 2394 accurrentem
994 2330 1108 2411 pugnis
1123 2334 1153 2394 et
1175 2328 1308 2411 pedibus
1329 2330 1506 2408 verberans,

435 2416 562 2482 duobus
583 2418 651 2499 eius
673 2419 771 2484 servis
793 2437 859 2483 eam
882 2418 1014 2497 tradidit,
1046 2422 1080 2482 ut
1101 2419 1212 2482 furtive
1239 2436 1305 2482 eam
1334 2419 1367 2482 in
1395 2420 1506 2484 silvam

380 2524 421 2571 uon
436 2504 583 2572 ducerent
604 2514 634 2573 et
656 2507 873 2591 decapitarent:
898 2508 961 2587 ubi,
985 2507 1052 2590 ejus
1073 2508 1171 2573 allecti
1194 2507 1409 2590 pulcritudine,
1434 2529 1506 2575 cum

435 2596 537 2678 primo
560 2615 627 2661 eam
650 2598 764 2662 vellent
778 2594 903 2676 violare,
926 2603 956 2663 et
978 2597 1029 2661 illa
1051 2616 1084 2663 se
1108 2617 1166 2679 pro
1186 2598 1304 2662 viribus
1326 2597 1508 2663 defenderet

434 2691 464 2749 et
486 2686 573 2751 beate
594 2686 740 2768 Virginis,
763 2687 812 2751 cui
828 2687 940 2753 devote
962 2687 1113 2765 servierat,
1136 2686 1322 2767 adiutorium
1345 2687 1406 2751 alta
1429 2706 1507 2753 voce

432 2774 602 2854 advocaret,
626 2776 754 2857 quidam
772 2777 888 2841 nobilis
910 2776 1091 2858 peregrinus
1112 2777 1262 2841 transiens
1284 2781 1313 2839 et
1335 2776 1506 2842 clamorem

434 2863 564 2930 audiens
585 2866 723 2943 accurrit,
757 2870 794 2945 et,
825 2884 862 2930 ea
890 2866 1021 2943 liberata,
1056 2865 1167 2930 occidit
1194 2883 1308 2944 servos,
1339 2870 1369 2929 et
1397 2884 1507 2931 secum

379 2971 421 3017 um
434 2952 562 3017 adduxit
584 2959 614 3018 et
636 2955 742 3019 uxoris
757 2955 888 3020 servicio
912 2973 979 3019 eam
1003 2954 1195 3035 mancipavit,
1218 2958 1249 3017 et
1263 2972 1393 3036 puerum
1409 2972 1507 3019 suum

434 3043 632 3108 nutriendum
655 3043 788 3109 tradidit.
833 3044 938 3120 Quam
969 3062 1040 3109 cum
1071 3044 1190 3107 interim
1224 3044 1382 3125 impeteret
1411 3044 1508 3109 trater

433 3130 553 3196 domini
576 3132 625 3197 sui
648 3138 678 3197 et
700 3133 767 3215 ipsa
789 3150 854 3197 non
870 3133 1062 3211 consentiret,
1085 3133 1140 3197 sed
1157 3133 1282 3197 viriliter
1300 3151 1370 3197 cum
1388 3135 1506 3214 pugnis

433 3220 546 3285 cedens
568 3240 602 3285 se
624 3222 802 3288 defenderet
831 3226 861 3286 et
890 3222 1071 3303 sanguinem
1099 3222 1127 3286 ei
1156 3222 1273 3301 laceret,
1304 3222 1363 3300 ille,
1394 3222 1506 3287 volens

433 3309 491 3374 sibi
516 3310 627 3374 illatam
651 3311 795 3392 injuriam
819 3312 982 3391 vindicare,
1011 3330 1046 3375 ea
1069 3311 1249 3389 dormiente,
1279 3310 1379 3374 filium
1403 3311 1506 3376 fratris

379 3416 419 3461 uo
434 3400 583 3480 extinguit
604 3400 688 3480 juxta
710 3419 788 3466 eam.
824 3400 897 3465 ldeo
920 3400 1068 3464 dominus
1084 3400 1134 3464 ille
1157 3400 1257 3464 nautis
1280 3419 1347 3463 eam
1370 3400 1504 3479 tradidit,

433 3492 467 3552 ut
489 3507 554 3553 eam
578 3490 611 3553 in
643 3495 826 3572 perpetuum
857 3490 982 3553 exilium
1012 3489 1165 3570 relegaret.
1211 3489 1293 3553 Cum
1316 3494 1419 3553 autem
1444 3489 1503 3571 ipsi

432 3595 500 3641 eam
523 3578 636 3643 vellent
658 3580 835 3661 opprimere
850 3579 899 3642 vel
916 3580 947 3642 in
965 3578 1040 3642 mari
1056 3578 1265 3659 submergere,
1288 3578 1355 3659 ipsa
1370 3579 1503 3642 omnino

433 3684 497 3730 non
526 3668 752 3749 adquiescente,
793 3687 860 3733 earn
889 3669 920 3731 in
949 3669 1116 3748 quamdam
1147 3668 1278 3731 insulam
1309 3666 1502 3748 dimiserunt,

433 3755 486 3819 ubi
510 3756 537 3820 ei
562 3756 594 3820 in
616 3763 683 3821 arto
707 3757 806 3839 posite
829 3758 916 3822 beata
935 3758 1031 3837 Virgo
1053 3758 1201 3839 apparuit,
1225 3775 1291 3821 eam
1315 3756 1502 3835 confortans,

377 3861 419 3909 us
433 3849 463 3909 et
485 3845 591 3910 docuit
613 3864 679 3910 eam
704 3846 870 3927 quamdam
900 3846 1026 3911 herbam
1055 3864 1250 3927 cognoscere,
1281 3845 1370 3925 cujus
1392 3845 1502 3909 virtute

432 3935 620 4000 cumbuntur
635 3935 825 3999 infirmitates
840 3934 1006 4017 desperate,
1029 3940 1060 3999 et
1074 3936 1205 3999 maxime
1223 3953 1278 4015 per
1294 3934 1373 3998 hanc
1387 3934 1501 4016 leprosi

432 4024 628 4103 curubantur,
656 4027 777 4105 peccata
798 4041 856 4088 sua
878 4024 1066 4089 confitentes.
1105 4024 1187 4089 Cum
1210 4023 1304 4103 aliqui
1328 4022 1367 4086 ad
1388 4022 1501 4087 famam

432 4116 512 4177 tante
534 4112 706 4177 curacionis
735 4112 883 4189 venirent
914 4112 1061 4177 dominus
1084 4114 1159 4193 ejus,
1189 4111 1347 4176 adducens
1377 4112 1500 4176 tratrem

361 4208 366 4217 “
430 4215 530 4274 suum,
559 4198 645 4260 illum
670 4200 724 4276 qui
748 4216 814 4259 eam
839 4200 1016 4277 opprimere
1038 4201 1177 4262 voluerat
1198 4205 1229 4263 et
1251 4200 1397 4264 infantem
1421 4202 1501 4265 occi·

373 4298 414 4342 uuo
430 4281 521 4356 derat,
552 4282 665 4343 factum
696 4283 864 4359 pessimum
898 4283 1062 4359 leprosum,
1095 4290 1125 4344 et
1154 4286 1275 4363 diceret,
1307 4305 1501 4367 cognoscens
