3525 5025
838 516 882 525 ..
929 488 971 543 44
1017 514 1062 526 .-

362 676 404 723 rsu
419 661 523 722 noster
545 658 703 722 exterritus
715 656 779 736 luit,
802 661 833 720 et
855 657 937 739 rupit
951 658 1094 724 chamum
1112 675 1214 735 suum,
1227 661 1260 721 et
1273 657 1350 721 dum
1366 657 1504 738 fugeret

416 747 476 811 sub
510 746 643 829 pedibus
674 746 739 810 suis
768 764 874 811 canem
904 746 1075 811 suffocavit.
1122 746 1182 810 Cui
1205 746 1366 811 dominus:
1401 747 1501 822 Quid

415 840 517 901 actum
540 841 586 900 est
607 836 647 899 de
670 835 779 899 mulo?
811 870 837 879 —
869 834 995 899 Servus:
1020 836 1053 899 ln
1077 839 1204 917 puteum
1228 835 1336 900 cecidit
1358 840 1391 899 et
1408 854 1502 899 mor-

417 929 489 989 tuus
511 929 564 988 est.
595 959 622 968 -
657 922 684 987 3.
710 924 879 989 Dominus:
903 924 1077 999 Quomodo
1100 925 1260 988 exterritus
1280 925 1340 988 iuit
1358 926 1502 990 mulus?

426 1049 453 1058 -
485 1012 610 1079 servus:
644 1013 738 1077 Filius
762 1019 866 1077 noster
888 1012 996 1077 cecidit
1017 1013 1058 1077 de
1080 1014 1203 1091 solario,
1227 1014 1266 1077 ita
1288 1014 1377 1093 quod
1410 1033 1502 1079 mor·

364 1121 404 1167 run
419 1107 491 1167 tuus
513 1107 565 1181 est,
589 1106 618 1165 et
640 1102 713 1165 inde
735 1102 894 1167 exterritus
915 1102 974 1165 luit
996 1102 1107 1166 mulus.
1141 1138 1166 1147 -
1200 1102 1370 1167 Dominus:
1403 1103 1502 1178 Quid

418 1192 481 1273 agit
502 1191 633 1273 genitrix
655 1193 732 1255 sua?
764 1226 790 1237 -
823 1190 949 1255 Servus:
975 1190 1051 1255 Prae
1074 1190 1173 1255 nimio
1195 1191 1304 1255 dolore
1324 1192 1389 1255 nati
1408 1211 1503 1257 mor-

418 1285 470 1344 tua
503 1286 557 1345 est
596 1315 628 1325 -
671 1280 840 1345 Dominus:
875 1279 957 1354 Quis
991 1279 1124 1344 custodit
1157 1280 1309 1345 domum?
1356 1280 1502 1346 Servus:

419 1369 540 1447 Nullus,
568 1368 717 1450 quoniam
748 1369 780 1432 in
811 1369 944 1434 cinerem
975 1386 1063 1433 versa
1088 1374 1140 1445 est,
1172 1373 1201 1433 et
1223 1369 1374 1450 quicquid
1399 1370 1438 1433 in
1465 1390 1503 1435 eu

419 1461 541 1522 erat.-
575 1468 603 1522 4.
629 1457 798 1522 Dominus:
822 1457 996 1532 Quomodo
1011 1458 1172 1522 combusta
1187 1458 1323 1521 fuit?-
1357 1458 1502 1525 Servus:

364 1565 405 1613 suo
422 1549 454 1611 ln
479 1548 585 1611 eadem
610 1553 708 1626 nocie,
733 1565 795 1628 qua
817 1546 946 1610 domina
969 1551 1090 1610 mortua
1112 1547 1177 1623 tuit,
1202 1547 1390 1649 pedissequa
1414 1567 1503 1629 quae

419 1626 564 1716 vigilabat
591 1654 649 1719 pro
680 1635 808 1700 domina
837 1636 933 1701 oblita
964 1635 1021 1698 iuit
1055 1635 1245 1699 candelam
1237 1654 1268 1699 m
1291 1636 1446 1715 thalamo,
1472 1643 1504 1702 et

419 1726 459 1788 ita
481 1726 642 1789 combusta
665 1725 722 1789 fuit
744 1725 858 1789 domus
880 1728 1001 1791 tota—
1028 1724 1196 1789 Dominus:
1222 1725 1417 1805 Pedissequa
1443 1727 1502 1791 ubi

419 1815 544 1879 est?—
576 1814 702 1879 Servus:
734 1815 801 1895 lpsa
831 1813 991 1880 volebat
983 1830 1087 1893 ignem
1111 1814 1295 1895 extinguere,
1326 1818 1358 1877 et
1382 1816 1504 1879 occidit

420 1904 520 1967 trabes
548 1921 641 1985 super
671 1908 762 1985 caput
791 1903 865 1982 eius,
897 1906 927 1967 et
949 1905 1071 1968 mortua
1092 1907 1204 1965 est·
1237 1903 1411 1969 Dominus:
1450 1905 1502 1968 Tu

364 2010 406 2056 sus
421 2010 496 2057 vero
525 1992 688 2072 quomodo
718 1992 845 2069 evasisti,
877 2009 975 2072 quum
1007 1994 1068 2053 tam
1093 1992 1181 2073 piger
1202 1991 1323 2057 sis?-
1357 1992 1502 2097 Servus:

420 2081 529 2156 Quum
554 2081 690 2145 viderem
715 2081 930 2163 pedissequam
953 2079 1129 2144 defunctam
1153 2081 1258 2161 eiiugi.

789 2223 951 2287 XXXVIII.
1002 2231 1055 2285 1-
1069 2231 1117 2286 10.

515 2356 541 2411 1.
565 2292 647 2426 ltem,
671 2349 786 2412 dictum
810 2353 855 2413 est
878 2349 918 2412 de
939 2348 1116 2413 Alexandro
1140 2348 1227 2429 quod
1249 2349 1411 2429 sepultura
1428 2351 1504 2431 ejus

421 2437 502 2500 foret
524 2454 630 2516 jaurea,
659 2442 689 2501 et
718 2438 749 2501 in
781 2437 889 2520 pervio
919 2438 1068 2502 omnibus
1089 2437 1129 2500 ad
1152 2442 1263 2501 terram
1287 2437 1394 2518 posita.
1448 2439 1503 2503 Ad

423 2543 517 2606 quam
542 2527 667 2609 plurimi
691 2532 902 2592 convenerunt
924 2527 1111 2609 philosophi,
1136 2527 1306 2607 dequibus
1327 2527 1369 2589 ait
1392 2546 1503 2593 unus:

366 2633 407 2678 sro
512 2624 542 2682 2.
566 2616 741 2682 Alexander
770 2636 807 2682 ex
830 2635 907 2681 auro
930 2617 999 2680 iecit
1021 2617 1211 2694 thesaurum;
1243 2633 1326 2679 nunc
1348 2621 1394 2679 est
1420 2636 1504 2682 con·

422 2704 532 2782 versio,
555 2724 665 2772 aurum
690 2707 729 2770 de
751 2725 790 2771 eo
813 2705 883 2771 iacit
905 2707 1090 2770 thesaumm.

513 2802 541 2860 3.
564 2795 665 2860 Alius:
691 2796 765 2860 Heri
789 2799 871 2860 totus
895 2813 958 2859 non
971 2794 1181 2858 sufficiebatei
1199 2794 1343 2858 mundus.
1383 2794 1504 2861 Hodie

422 2887 554 2963 quatuor
575 2886 659 2950 solae
682 2885 758 2949 telae
780 2884 939 2948 sufficiunt
961 2884 987 2946 ei
1011 2883 1110 2948 ulnae.

512 2983 540 3036 4.
562 2973 650 3038 Alius
674 2974 892 3055 philosophus:
921 2972 996 3036 Heri
1025 2973 1143 3054 populo
1167 2972 1336 3054 imperavit.
1384 2973 1506 3039 Hodie

367 3077 408 3124 sn
423 3062 559 3142 populus
582 3062 785 3144 imperat-illi.

514 3153 541 3213 5.
564 3151 652 3215 Alius
683 3152 902 3234 philosophus:
937 3151 1011 3215 Heri
1043 3150 1156 3214 multos
1179 3151 1279 3232 potuit
1301 3151 1437 3215 liberare
1463 3173 1506 3218 ex

423 3242 529 3303 morte.
576 3240 679 3304 Hodie
703 3259 759 3304 nec
781 3241 848 3321 eius
869 3241 968 3321 jacula
990 3241 1084 3304 valuit
1105 3240 1248 3306 devitare.

513 3333 541 3392 6.
565 3329 665 3393 Alius:
690 3330 765 3396 Heri
789 3329 920 3394 ducebat
943 3330 1100 3393 exercitus.
1148 3329 1252 3395 Hodie
1280 3329 1321 3392 ab
1351 3328 1410 3392 illis
1438 3330 1505 3395 du·

423 3413 501 3478 citur
523 3419 705 3499 sepulturae.

368 3520 409 3566 sau
517 3512 543 3570 7.
567 3507 666 3572 Alius:
692 3508 766 3572 Heri
790 3512 900 3570 terram
924 3508 1089 3590 premebat.
1136 3505 1240 3570 Hodie
1255 3506 1362 3569 eadem
1380 3510 1504 3587 premi-

423 3601 472 3661 tur
495 3597 569 3678 ipse.

514 3693 542 3750 8.
565 3686 654 3750 Alius
692 3686 911 3769 philosophus:
952 3685 1027 3750 Heri
1065 3690 1172 3766 gentes
1217 3701 1288 3748 eum
1335 3683 1504 3752 timebant.

424 3775 529 3840 Hodie
552 3777 644 3839 vilem
669 3795 740 3841 eum
765 3775 918 3857 deputant.

515 3872 542 3930 9.
565 3865 667 3929 Alius:
693 3865 768 3930 Heri
792 3865 908 3928 amicos
924 3864 1031 3928 habuit
1046 3868 1075 3928 et
1090 3863 1240 3927 inimicos.
1280 3860 1385 3926 Hodie
1402 3863 1506 3930 habet

369 3975 410 4021 sas
426 3972 535 4018 omnes
557 3954 708 4034 aequales.

518 4050 566 4105 10.
590 4042 650 4106 Sed
674 4044 713 4106 de
736 4042 858 4120 triginta
873 4041 999 4105 duobus
1015 4039 1212 4120 philosophis
1226 4038 1503 4107 circumstantibus

425 4129 511 4209 quod
542 4130 720 4210 quicunque
750 4129 789 4192 de
820 4129 1032 4207 potentissimo
1067 4146 1139 4207 rege
1173 4126 1289 4203 dixerit,
1324 4131 1505 4196 memoriae

425 4218 555 4298 longum
578 4222 624 4280 est
646 4217 798 4279 reducere.
