3525 5025
715 504 959 562 -177-

299 697 395 762 super
418 682 540 760 portam
563 677 687 740 dictam:
711 681 741 740 et
763 677 890 740 veniens
912 676 1085 756 episcopus,
1109 679 1142 738 ut
1164 681 1370 753 consueverat,

249 787 273 832 ro
299 774 329 833 et
350 767 496 849 aperiens
518 770 646 847 portam,
670 765 771 846 lapide
789 764 924 842 cadente,
948 765 1160 828 excerebratur
1182 769 1210 827 el
1234 763 1370 829 moritur.

299 857 556 938 Archidyaconus
593 873 664 919 cum
708 855 806 918 multo
848 854 954 918 labore
992 853 1109 934 optinet
1146 853 1370 934 episcopatum

299 964 438 1026 cumque
461 945 661 1008 confirmatus
682 942 823 1023 gaudens
845 943 996 1006 obtineret
1010 946 1039 1006 et
1062 941 1172 1006 iaceret
1194 941 1369 1008 convivium

299 1034 493 1116 recepcionis
515 1051 579 1110 sue,
607 1032 733 1114 quidam
758 1033 902 1114 princeps
923 1031 1061 1095 serviens
1083 1031 1115 1094 in
1140 1049 1245 1096 mensa
1267 1050 1370 1096 coram

297 1143 346 1204 eo,
370 1123 462 1187 flexis
485 1121 625 1202 genibus,
647 1121 751 1185 subito
766 1122 883 1202 rapitur
899 1125 968 1184 ante
984 1120 1115 1183 tribunal
1131 1121 1246 1185 summi
1260 1120 1372 1201 iudicis

250 1232 274 1277 u
298 1218 329 1276 et
352 1212 440 1276 videt
461 1211 504 1275 ibi
520 1212 638 1274 beatam
653 1210 813 1291 Virginem
830 1210 967 1286 Mariam,
991 1227 1062 1274 cum
1086 1210 1249 1273 innumera
1271 1211 1372 1274 multi·

298 1303 411 1366 tudine
434 1305 608 1364 sanctorum
633 1303 662 1362 et
688 1299 880 1380 angelorum,
912 1298 1115 1363 adducentem
1146 1297 1261 1362 dictum
1293 1300 1371 1380 epis

298 1409 417 1473 copum
442 1392 612 1470 portantem
629 1390 789 1452 cerebrum
805 1406 896 1452 suum
922 1387 953 1450 in
977 1387 1121 1452 manibus
1143 1388 1222 1466 suis;
1246 1392 1275 1452 et
1297 1389 1373 1452 dixit

299 1482 389 1544 beata
412 1479 525 1558 Virgo:
552 1477 637 1556 xliiii,
659 1477 763 1542 adhuc
785 1477 897 1541 recenti
920 1477 1071 1556 sanguine
1093 1481 1123 1540 et
1144 1476 1325 1541 vulneribus
1343 1482 1373 1541 et

298 1569 431 1633 cerebro
465 1567 559 1647 liuius
592 1565 653 1630 mei
689 1566 800 1645 militis,
835 1566 925 1646 cuius
958 1566 1015 1630 hec
1048 1570 1120 1630 sunt
1152 1565 1288 1644 vulnera,
1323 1567 1373 1631 hic

248 1677 274 1722 ao
298 1657 438 1738 sanguis,
461 1657 522 1719 hoc
544 1655 712 1733 cerebrum,
735 1654 868 1719 crudelis
882 1660 912 1718 et
927 1654 1067 1736 proditor
1083 1654 1237 1718 homicida
1260 1654 1373 1735 gaudet

298 1765 333 1811 se
378 1746 520 1827 optinere
562 1743 768 1825 pontificalem
811 1743 878 1824 ejus
924 1744 1130 1824 dignitatem«
1202 1743 1373 1825 Respondit

301 1836 475 1900 Dominus:
502 1833 625 1907 „Quem
649 1834 775 1910 mittam,
798 1837 828 1896 et
850 1833 921 1913 quis
944 1833 999 1896 ibit
1014 1833 1145 1896 vobis?‘¹
1183 1833 1272 1898 Tunc
1286 1833 1372 1898 beata

298 1925 399 2005 Virgo
422 1923 482 1986 ait:·
502 1923 599 1990 „Ecce
614 1921 665 1985 hic
678 1922 807 1986 servitor
828 1937 932 1986 suusl
974 1921 1035 1985 Cui
1060 1921 1216 1987 Dominus
1239 1923 1374 2004 precepit

298 2015 361 2077 sub
386 2031 466 2094 pena
490 2010 598 2075 mortis
625 2015 658 2074 ul
684 2010 754 2074 citet
782 2009 947 2074 dominum
975 2027 1067 2074 suum
1096 2012 1309 2093 peremptorie,
1339 2016 1373 2075 ut

248 2118 273 2166 aa
299 2103 362 2167 cito
385 2101 487 2165 veniat
508 2118 611 2164 coram
634 2118 673 2164 eo
689 2099 805 2162 delam
821 2099 989 2181 nephando
1008 2099 1136 2164 crimine
1159 2118 1372 2182 responsurus,

299 2191 382 2255 etei
405 2207 529 2254 causam
545 2206 648 2253 coram
665 2189 813 2253 omnibus
835 2189 993 2270 exprimat.
1032 2187 1096 2263 Qui
1119 2189 1217 2253 statim
1243 2189 1371 2268 rediens,

298 2281 441 2344 turbatus
465 2277 623 2341 infremuit
645 2277 838 2358 tremuitque,
861 2283 892 2342 et
913 2278 1057 2342 cutellum
1082 2296 1175 2358 quem
1199 2279 1319 2342 tenebat
1331 2279 1371 2342 ad

298 2367 501 2434 serviendum
517 2366 653 2448 projecit,
675 2367 865 2431 amarissime
879 2367 967 2430 llens.
1004 2366 1139 2448 Rogatus
1161 2368 1202 2432 ab
1225 2367 1372 2432 omnibus

299 2463 330 2523 et
366 2458 463 2523 eciam
494 2457 534 2521 ab
567 2456 635 2538 ipso
669 2456 826 2538 episcopo,
860 2473 982 2521 causam
1014 2455 1132 2538 pandit;
1171 2475 1232 2537 qua
1262 2456 1372 2537 audita,

248 2548 477 2630 eoepiscopus,
515 2546 617 2610 subita
654 2550 753 2609 morte
791 2563 963 2627 percussus,
1001 2546 1044 2610 ibi
1083 2564 1186 2610 coram
1226 2546 1373 2610 omnibus

298 2641 443 2701 mortuus
466 2640 518 2699 est.

709 2783 736 2840 ³.
777 2776 885 2858 1=s
913 2777 973 2857 rr]

391 2903 474 2966 Nota
504 2902 590 2983 quod
626 2902 658 2964 in
688 2902 806 2966 civitate
836 2901 995 2983 cujusdam
1031 2902 1113 2983 regis
1147 2920 1259 2983 magne
1289 2906 1374 2966 erant

298 2991 450 3069 nundine,
481 2995 515 3053 ut
537 2990 660 3054 dicitur:
688 2991 772 3055 filius
793 2996 896 3054 autem
920 2992 1001 3071 regis
1023 3010 1094 3055 curn
1118 2991 1214 3055 sociis
1236 2992 1301 3055 suis
1320 2991 1372 3054 ivit

298 3100 357 3162 per
380 3079 537 3144 nundinas
559 3079 664 3143 videre
686 3079 891 3144 diversitatem
915 3080 1073 3160 mercium,
1104 3081 1130 3145 si
1153 3082 1232 3144 forle
1254 3080 1371 3161 aliquid

246 3186 271 3233 ao
299 3170 344 3234 ibi
380 3168 497 3232 videret
531 3168 617 3249 quod
651 3169 680 3232 ei
711 3170 853 3251 placeret5
892 3174 920 3232 et
954 3187 1024 3234 cum
1061 3170 1263 3251 pertransiret,
1296 3169 1373 3232 vidit

299 3260 433 3323 domum
465 3258 644 3321 mirabiliter
674 3262 811 3322 ornatam
841 3263 871 3321 et
894 3263 1028 3339 paratam
1060 3260 1170 3341 pannis
1200 3260 1322 3323 sericeis
1344 3263 1373 3322 et

298 3347 462 3425 deauratis,
500 3351 602 3410 tamen
637 3347 719 3411 intus
752 3366 889 3411 vacuam.
945 3347 1122 3411 Admiratus
1156 3348 1291 3427 intravit,
1329 3349 1372 3411 nil

174 3449 175 3508 1
299 3436 379 3501 vidit
401 3436 488 3515 intra,
520 3436 579 3500 nisi
609 3453 713 3500 senem
738 3437 769 3499 in
793 3436 936 3501 cathedra
967 3437 1123 3501 sedentem
1154 3443 1183 3502 et
1215 3438 1246 3501 in
1279 3456 1372 3501 manu

300 3526 416 3589 librum
442 3524 593 3605 legentem
609 3530 638 3589 et
653 3529 815 3605 tenentem,
837 3544 855 3588 a
879 3544 943 3607 quo
967 3526 1099 3607 quesivit
1113 3528 1189 3608 quid
1210 3528 1269 3591 sibi
1284 3527 1375 3590 vellet

246 3632 286 3679 ιω
302 3616 373 3679 lroc.
422 3612 594 3695 Respondit
615 3615 701 3695 quod
725 3615 840 3678 domus
862 3614 918 3678 ista
942 3621 1004 3679 erat
1027 3616 1058 3679 in
1082 3634 1144 3697 qua
1163 3616 1374 3680 vendebantur

300 3703 491 3786 preciosiora
524 3707 554 3766 et
588 3703 710 3766 utiliora
744 3722 806 3784 que
840 3709 941 3769 essent
974 3705 1007 3767 in
1042 3705 1203 3783 nundinis,
1242 3704 1374 3768 maxime

301 3792 486 3857 hominibus
523 3791 577 3872 qui
614 3792 736 3873 aliquos
771 3792 884 3857 babent
913 3812 1027 3875 regere,
1060 3799 1097 3873 et,
1132 3795 1158 3860 si
1189 3795 1255 3875 ipse
1284 3793 1375 3857 vellet

302 3900 413 3961 emere,
445 3880 591 3944 venderet
617 3881 644 3945 ei
676 3886 798 3945 centum
827 3882 950 3947 libratas
972 3887 1002 3947 et
1024 3884 1106 3964 plus;
1137 3888 1166 3947 et
1188 3882 1264 3946 dixit
1286 3881 1373 3963 quod

303 3988 420 4035 merces
444 3970 511 4049 ejus
533 3974 618 4033 erant
639 3970 792 4051 sapiencia
815 3976 845 4034 et
866 3972 1044 4053 prudencia.
1076 3975 1132 4037 lste
1154 3972 1228 4036 emit
1250 3975 1373 4035 centum

246 4076 288 4123 ιω
304 4060 436 4123 libratas.
471 4058 598 4140 Scripsit
623 4058 737 4140 [senex]
763 4060 795 4123 in
811 4061 919 4124 cedula
942 4062 1018 4125 boc:
1044 4062 1097 4128 „ln
1119 4061 1267 4125 omnibus
1288 4058 1374 4123 lactis

300 4148 362 4212 tuis
384 4148 554 4226 considera,
577 4152 740 4228 antequam
764 4150 864 4229 facias,
888 4150 927 4214 ad
951 4168 1044 4231 quem
1068 4150 1163 4213 linem
1181 4150 1254 4213 inde
1268 4148 1374 4212 venire

301 4238 434 4317 valeas;u
468 4255 608 4301 asserens
630 4237 727 4318 quod,
755 4239 781 4302 si
805 4239 866 4303 hoc
888 4257 1010 4321 semper
1040 4240 1165 4304 haberet
1188 4259 1243 4321 pre
1265 4237 1373 4316 oculis,

328 4356 444 4410 ulrich,
468 4356 607 4402 Lateinisclre
619 4357 755 4403 Novellistilr
768 4358 808 4403 das
822 4357 970 4403 Mittelalters.
1215 4366 1247 4415 12
