3525 5025
682 530 901 586 ..Π-

280 701 323 765 „0
339 701 467 778 domina,
491 702 551 764 heu
576 701 669 764 nobis
684 704 713 762 et
728 701 833 765 uobis!
881 700 1074 782 leporarius,
1098 719 1192 781 quern
1208 705 1324 764 tantum

276 790 362 870 diligit
381 791 526 854 dominus
556 794 669 868 noster,
700 790 801 852 filium
831 794 965 854 vestrum
990 789 1101 853 occidit
1124 794 1153 853 et
1176 790 1218 853 ibi
1243 791 1325 854 iuxta

276 898 383 942 nurum
405 881 526 943 satiatus
549 879 590 941 de
612 880 763 959 sanguine
787 880 873 960 pueri
898 880 980 943 iacet
1017 880 1053 941 Et
1067 883 1129 942 tota
1144 879 1324 959 superficies

226 973 341 1031 auterre
371 969 401 1031 in
434 969 561 1032 circuitu
596 969 740 1031 cunabuli
775 968 815 1031 de
841 968 993 1048 sanguine
1021 969 1107 1048 pueri
1135 973 1181 1033 est
1202 968 1320 1048 plena*

276 1058 404 1135 Domina,
433 1076 502 1121 cum
533 1059 593 1120 boc
623 1057 764 1135 audisset,
794 1057 833 1121 ad
864 1063 975 1120 terram
1003 1057 1112 1120 cecidit
1134 1058 1268 1121 clamans
1290 1076 1325 1122 ac

275 1146 378 1210 eiulans
399 1151 426 1209 et
448 1147 567 1209 dicens:
598 1148 690 1211 „fleu
714 1146 815 1224 michi,
841 1147 916 1209 beu!
945 1146 1020 1226 quid
1044 1146 1166 1210 faciam!
1207 1146 1324 1211 Orbata

275 1252 334 1297 sum
354 1236 441 1299 vnico
463 1237 531 1299 filio
555 1250 653 1298 meo.u
704 1236 860 1297 Dominus
890 1253 967 1298 uero
996 1233 1035 1298 de
1066 1234 1141 1298 ludo
1172 1235 1255 1299 venit
1285 1239 1324 1313 et,

275 1342 334 1385 cum
355 1326 396 1388 sic
417 1326 566 1403 clamaret,
594 1323 756 1404 diligenter
783 1324 917 1404 quesiuit
939 1342 1060 1388 causam
1090 1324 1241 1389 clamoris.
1286 1325 1326 1387 Af

226 1431 265 1476 aad
277 1412 329 1475 illa:
353 1414 400 1478 „0
422 1414 559 1492 domine,
583 1414 642 1476 heu
660 1414 752 1476 nobis
770 1413 909 1476 duobus!
937 1413 1119 1493 Leporarius
1134 1418 1213 1489 tuus,
1230 1431 1324 1494 quem

276 1506 376 1564 tantum
398 1504 509 1582 diligis,
533 1503 658 1565 vnicum
688 1502 787 1565 filium
819 1508 959 1566 nostrum
991 1502 1102 1565 occidit
1124 1507 1153 1566 et
1176 1502 1218 1566 ibi
1243 1503 1325 1565 iuxta

275 1609 383 1653 numm
405 1593 528 1655 satiatus
550 1591 590 1654 de
612 1592 763 1672 sanguine
786 1592 872 1672 pueri
897 1592 999 1654 iacet«
1038 1592 1127 1655 Miles
1143 1609 1216 1655 vero
1240 1610 1324 1655 com-

275 1684 363 1743 motus
384 1686 428 1744 est
449 1681 552 1758 valde;
575 1681 676 1743 aulam
700 1681 831 1745 intrauit
857 1679 1047 1761 Lepontios,
1071 1699 1142 1744 cum
1159 1679 1323 1744 dominum

274 1786 352 1831 suum
374 1770 504 1848 vidisset,
528 1770 666 1848 surrexit,
689 1770 767 1832 sicut
790 1769 897 1850 potuit,
929 1774 959 1832 et
987 1770 1170 1851 applausum
1194 1768 1324 1833 domino

228 1874 325 1921 asssuo
346 1859 418 1922 lecit.
442 1860 533 1921 Miles
543 1877 619 1921 vero
641 1859 779 1939 gladium
804 1858 931 1922 extraxit
942 1862 971 1921 et
982 1862 1072 1940 caput
1096 1858 1237 1939 leporarii
1261 1877 1324 1922 vno

275 1946 325 2009 ictu
345 1948 521 2028 amputauit.
569 1949 640 2011 lloc
668 1948 747 2011 facto
775 1948 907 2029 perrexit
929 1948 968 2011 ad
992 1948 1190 2026 cunabulum,
1219 1948 1325 2011 euertit

277 2035 353 2116 [um]
377 2043 405 2099 et
427 2056 559 2117 puerum
583 2054 692 2100 sanum
717 2037 842 2101 inuenit
890 2038 973 2100 luxta
996 2037 1185 2100 cunabulum
1209 2054 1323 2117 corpus

274 2127 407 2205 serpentis
433 2131 590 2189 mortuum
626 2126 709 2203 vidit,
744 2125 826 2189 vnde
860 2144 915 2206 per
949 2130 1028 2189 certa
1060 2124 1147 2206 signa
1177 2125 1326 2206 cognouit

274 2213 347 2291 quod
376 2215 545 2295 leporarius
575 2215 617 2278 ob
648 2215 860 2278 defensionem
892 2215 979 2296 pueri
1010 2220 1182 2295 serpentem
1207 2214 1324 2279 occidit

229 2302 350 2366 asofunc
371 2323 438 2367 cum
463 2305 597 2367 clamore
620 2304 723 2367 valido
746 2309 776 2367 et
797 2304 870 2367 fletu
887 2304 989 2368 scissis
1012 2304 1149 2367 crinibus
1171 2304 1324 2368 clamauit:

276 2392 353 2456 „lieu
377 2394 477 2471 michi,
503 2394 578 2456 heu!
615 2394 744 2474 Propter
767 2392 896 2456 verbum
921 2393 1024 2457 uxoris
1048 2412 1115 2457 mee
1139 2392 1323 2474 leporarium

274 2496 363 2544 meum
386 2483 539 2564 optimum
564 2482 671 2561 occidi,
695 2483 749 2563 qui
773 2483 866 2547 vitam
891 2482 978 2564 pueri
996 2482 1055 2547 mei
1072 2482 1201 2546 saluauit
1220 2486 1324 2546 etser-

274 2576 380 2647 pentem
403 2573 541 2637 occidit.u
577 2574 647 2636 l·leu
672 2573 772 2650 michi,
797 2574 871 2635 heu!
908 2572 1007 2636 Ame
1032 2573 1099 2653 ipso
1123 2571 1323 2653 penitenciam

273 2660 431 2740 accipiam.¹‘
482 2663 584 2742 Fregit
611 2663 745 2725 lanceam
776 2679 864 2725 suam
896 2662 928 2723 in
960 2662 1015 2725 ‚lll.
1047 2665 1146 2742 partes
1174 2664 1203 2723 et
1233 2660 1325 2723 nudis

230 2748 391 2825 mpedibus
412 2750 451 2813 ad
475 2755 584 2814 terram
609 2755 742 2814 sanctam
766 2750 905 2831 perrexit,
941 2751 992 2814 vbi
1016 2754 1080 2814 toto
1104 2755 1243 2830 tempore
1265 2748 1325 2812 vite

272 2852 318 2900 sue
338 2839 415 2902 vixit.

416 3034 558 3099 Secunda
581 3035 718 3098 narracio
742 3035 940 3116 imperatricis
965 3036 1024 3115 (Bl.
1051 3035 1166 3114 145r.).

741 3155 842 3228 [Aper-l

348 3283 483 3358 Quidam
508 3283 673 3364 imperator
696 3289 765 3362 erat,
796 3286 849 3365 qui
880 3287 1036 3366 quandam
1065 3287 1207 3350 forestam
1232 3286 1324 3372 babe-

273 3368 320 3449 bat
342 3373 371 3435 in
395 3390 457 3452 qua
480 3378 543 3435 erat
565 3392 637 3454 aper
666 3377 838 3453 strennuus,
869 3375 1010 3453 crudelis,
1042 3376 1073 3437 in
1097 3379 1214 3439 tantum
1239 3375 1323 3455 quod

272 3475 366 3524 onnes
389 3463 536 3524 intrantes
559 3463 677 3526 occidit
724 3464 898 3544 imperator,
930 3465 1060 3528 multum
1092 3464 1131 3529 de
1161 3466 1221 3528 hoc
1252 3483 1324 3528 con-

232 3548 397 3630 onnus,
421 3552 493 3614 fecit
515 3553 696 3632 proclamari
721 3571 776 3633 per
797 3557 896 3616 totum
913 3554 1077 3634 imperium
1095 3554 1189 3634 quod,
1213 3555 1324 3633 siquis

272 3653 366 3716 apmm
389 3641 548 3718 occideret,
572 3641 666 3703 filiam
690 3659 776 3704 suam
801 3644 920 3706 vnicam
945 3662 1015 3706 cum
1040 3648 1103 3707 toto
1136 3661 1232 3724 regno
1256 3650 1326 3724 post

271 3726 328 3789 eius
348 3729 507 3793 decessum
532 3730 663 3792 haberet.
712 3733 797 3795 Facta
828 3731 1074 3813 proclamacione
1105 3751 1169 3796 non
1203 3736 1248 3796 est
1278 3732 1325 3795 in-

273 3820 367 3880 ventus
389 3837 477 3896 vnus,
502 3819 556 3897 qui
580 3819 619 3881 de
642 3820 699 3882 hac
721 3839 754 3882 re
769 3822 858 3884 vellet
873 3840 906 3885 se
923 3822 1129 3886 intromittere.
1170 3823 1239 3884 Erat
1253 3825 1325 3884 tunc

275 3903 386 3998 quidam
411 3913 516 3988 pastor
539 3908 645 3970 ovium
669 3909 709 3972 de
731 3909 783 3971 vili
807 3911 959 3990 sanguine
975 3911 1152 3991 productus,
1177 3911 1230 3990 qui
1248 3910 1326 3973 intra

235 4000 303 4052 urse
321 3997 477 4075 cogitabat:
505 3995 556 4060 „si
579 4015 688 4077 aprum
714 4017 836 4083 possem
861 4000 1008 4077 occidere,
1033 4019 1097 4064 non
1125 4004 1241 4062 tantum
1265 4018 1324 4078 ego

276 4090 421 4156 promotus
451 4103 559 4163 essem,
588 4087 642 4149 sed
673 4105 782 4152 omnes
813 4088 853 4151 de
881 4106 952 4151 meo
975 4089 1153 4167 sanguine.u
1201 4089 1326 4169 Accepit

276 4165 401 4236 baculum
426 4175 610 4255 pastoralem
634 4180 663 4237 et
685 4176 829 4239 forestam
853 4177 984 4238 intrauit.
1031 4178 1120 4251 Aper,
1152 4194 1221 4236 cum
1253 4193 1323 4237 eum

276 4255 390 4339 vidisset,
427 4268 493 4327 toto
529 4264 692 4325 conamine
730 4264 761 4323 in
796 4279 868 4323 eum
908 4261 1001 4320 irruit.
1049 4260 1100 4317 llle
1131 4275 1204 4316 vero
1235 4260 1325 4318 arbo·
