3525 5025
716 541 960 600 -163-

258 741 296 785 aar
309 716 430 796 plenam
460 715 541 795 igne,
576 719 607 778 et
635 714 750 778 dracho
785 714 934 778 insidians
969 715 1069 795 rapuit
1102 715 1204 796 ipsum
1235 721 1265 780 et
1294 717 1373 798 cepit

308 804 462 868 devorare.
510 804 682 870 Unicomis
711 803 807 868 bestia
828 802 963 867 crudelis
985 822 1046 883 que
1070 822 1179 868 omnes
1202 805 1373 886 insequitur

307 900 335 956 et
364 893 440 956 nulli
476 898 578 974 parcet
607 897 652 956 est
681 910 778 970 mors;
815 892 907 956 lovea
938 892 1075 957 mundus
1109 893 1176 971 iste;
1210 895 1372 960 arbuscula

306 1001 449 1046 mensura
472 983 533 1045 vite
556 987 660 1045 nostre
675 1000 736 1061 que
758 981 904 1045 continue
927 981 1038 1045 diebus
1056 1001 1092 1045 ac
1115 983 1257 1048 noctibus
1280 985 1371 1048 velud

307 1071 431 1135 duobus
462 1072 606 1134 muribus
635 1070 820 1148 corroditur;
852 1089 907 1151 per
929 1089 1049 1134 murem
1080 1070 1184 1135 album
1213 1072 1288 1150 dies,
1318 1092 1373 1156 per

257 1185 294 1229 aa
307 1161 429 1240 nigrum
447 1165 553 1223 noctes
569 1160 777 1240 designantur.
811 1159 955 1234 Quatuor
969 1159 1112 1241 aspidum
1129 1162 1225 1242 capita
1241 1167 1374 1242 quatuor

305 1255 376 1313 sunt
398 1250 549 1313 elementa
573 1249 604 1312 in
628 1267 759 1332 corpore
781 1253 889 1312 nostro
912 1249 1027 1329 quibus
1043 1249 1224 1314 inordinatis
1246 1256 1276 1315 et
1299 1269 1372 1316 con·

305 1339 430 1402 turbatis
461 1337 641 1402 dissolvitur
669 1338 809 1419 corporis
838 1355 1002 1418 compago,
1048 1337 1180 1420 Serpens
1206 1339 1371 1422 dyabolus;

305 1427 498 1507 protundum
514 1428 605 1491 tovee
620 1427 773 1504 intemusJ
795 1426 919 1506 gladius
940 1427 1106 1492 imminens
1120 1429 1209 1509 capiti
1225 1431 1373 1494 sententia

305 1516 428 1579 districti
452 1516 577 1596 iudicis;
601 1516 680 1579 stilla
695 1515 795 1578 mellis
810 1513 944 1579 dulcedo
959 1516 1167 1580 delectationis
1182 1520 1371 1599 temporalis;

254 1628 292 1673 auo
305 1623 392 1669 casus
415 1605 553 1668 hominis
576 1605 670 1684 hujus
692 1606 753 1667 vite
775 1604 855 1667 tinis.

666 1751 715 1809 tl.
756 1747 810 1827 [=
834 1747 895 1809 No.
922 1747 1008 1827 149.]

393 1871 540 1936 Similiter
562 1871 602 1934 de
624 1870 762 1951 quodam
786 1871 850 1951 regi
867 1870 1000 1950 legimus
1016 1870 1101 1950 quod
1118 1871 1232 1936 curiam
1249 1875 1371 1952 teneret,

303 1965 332 2023 et
362 1966 462 2025 totum
494 1961 561 2040 ejus
595 1960 740 2041 palatium
772 1959 951 2023 deauratum
983 1964 1068 2037 esset,
1103 1965 1132 2023 et
1162 1963 1369 2042 pavimentum

304 2051 414 2131 pannis
437 2050 543 2112 scricis
565 2054 707 2130 opertum
735 2048 774 2112 ad
803 2048 984 2129 iactantiam,
1015 2053 1045 2112 et
1067 2067 1173 2113 mensa
1203 2051 1269 2131 ejus
1292 2053 1371 2116 vasis

303 2141 405 2203 aureis
428 2144 459 2202 et
480 2139 632 2218 argenteis
655 2138 777 2219 repleta.
812 2137 949 2212 Quidam
966 2139 1088 2219 sapiens
1106 2138 1275 2220 Philippus,
1299 2159 1368 2205 cum

254 2228 425 2293 assederet
454 2227 494 2290 ad
525 2245 662 2291 mensam
695 2227 780 2306 juxta
810 2243 923 2306 regem,
957 2227 1116 2290 attendens
1145 2228 1231 2308 quod
1263 2247 1371 2294 omncs

304 2317 504 2380 adularentur
525 2317 552 2379 ci
576 2317 666 2380 etde
688 2316 849 2397 superfluo
872 2319 1017 2397 apparatu
1042 2315 1206 2396 laudarent,
1230 2321 1372 2400 conspuit

304 2406 334 2469 in
360 2407 489 2470 barbam
513 2405 580 2485 ejus
603 2409 633 2468 et
659 2406 757 2468 statim
780 2424 799 2467 a
821 2404 1001 2468 satellitibus
1024 2405 1104 2485 regis
1128 2411 1233 2487 captus
1255 2412 1307 2486 cst,
1338 2414 1372 2472 ut

304 2497 335 2559 in
359 2514 513 2561 carcerem
536 2494 704 2573 duceretur,
735 2499 765 2558 ct
786 2514 840 2557 rex
869 2494 908 2557 ad
940 2513 972 2559 sc
1004 2513 1144 2560 reversus
1170 2496 1222 2559 ait:
1258 2497 1372 2563 „Sinite

304 2604 386 2664 eum,
411 2586 499 2648 nullo
527 2584 623 2648 modo
651 2583 774 2649 credere
802 2602 925 2665 possem
943 2584 1029 2665 quod
1052 2589 1113 2648 tam
1137 2586 1258 2666 sapiens
1275 2588 1371 2651 homo

254 2693 291 2738 aro
306 2676 361 2739 ista
384 2676 452 2738 sine
476 2674 592 2737 ratione
614 2674 752 2737 feceret!
789 2672 935 2753 Cumque
959 2691 1010 2736 rex
1033 2673 1072 2736 ab
1092 2692 1130 2737 eo
1146 2681 1293 2754 quereret,
1317 2696 1372 2740 cur

302 2769 421 2828 tantum
438 2763 623 2843 vituperium
640 2763 682 2825 illi
699 2762 825 2839 lecisset,
850 2762 1020 2843 respondit:
1048 2763 1143 2843 uligo,
1166 2782 1235 2827 cum
1260 2767 1369 2829 vellem

303 2871 424 2935 spuere,
464 2852 582 2933 respexi
617 2853 858 2931 circumquaque
892 2856 921 2914 et
956 2868 1018 2914 non
1053 2854 1138 2933 potui
1173 2853 1277 2917 videre
1312 2856 1370 2919 nisi

302 2961 413 3005 aurum
438 2946 467 3003 et
489 2946 650 3021 argentum
674 2945 704 3003 et
726 2958 847 3021 pannos
869 2940 984 3004 sericos
1005 2960 1041 3003 ac
1068 2941 1183 3022 lapides
1207 2944 1370 3023 preciosos,

164 3095 165 3104 ,
303 3049 369 3095 non
392 3030 457 3094 vidi
482 3030 584 3093 locum
600 3030 739 3093 viliorem
754 3048 848 3109 quam
864 3029 992 3094 barbam
1007 3035 1089 3093 tuam
1106 3035 1135 3094 et
1156 3031 1226 3094 ideo
1241 3035 1369 3115 conspui

164 3133 165 3188 ξ
253 3137 291 3183 uo
305 3121 336 3183 in
358 3120 487 3201 ipsam.u
537 3120 572 3181 Et
594 3120 634 3182 ita
656 3119 778 3199 cognita
804 3120 926 3182 veritate
949 3118 1094 3183 dimissus
1117 3125 1162 3184 est
1183 3139 1202 3183 a
1224 3139 1303 3201 rege.

667 3269 715 3326 18.
756 3261 809 3342 [=
834 3262 895 3325 No.
924 3261 1006 3342 150]

395 3388 444 3450 De
483 3386 621 3466 quodam
659 3386 783 3450 satellite
818 3392 847 3451 et
885 3386 1020 3467 pessimo
1058 3387 1172 3451 ballivo
1210 3388 1369 3467 eujusdam

303 3477 425 3541 comitis
453 3476 556 3539 audivi
588 3476 684 3556 quod,
716 3477 825 3539 volens
847 3477 874 3539 ei
909 3475 1027 3557 placere
1057 3476 1179 3539 blandis
1209 3479 1311 3541 verbis
1343 3484 1372 3542 et

304 3565 471 3629 maliciosis
486 3565 579 3642 lactis,
601 3565 655 3627 ait:
683 3565 846 3642 “Domine
863 3564 888 3628 si
906 3564 981 3627 mihi
998 3565 1120 3629 credere
1137 3566 1242 3645 velitis,
1263 3567 1370 3631 faciam

304 3654 390 3735 quod
407 3672 552 3733 magnam
569 3654 699 3734 pecunie
714 3672 867 3717 summam
883 3654 971 3717 omni
986 3672 1069 3718 anno
1086 3655 1194 3719 lucrari
1216 3658 1367 3736 potestis«

253 3761 291 3807 aso
306 3744 453 3824 Cumque
468 3760 573 3806 comes
594 3744 634 3805 ab
657 3761 695 3805 eo
711 3747 851 3823 quereret
869 3744 1032 3823 quomodo
1048 3744 1144 3807 solem
1163 3744 1221 3807 Dei
1239 3747 1371 3807 vendere

305 3837 416 3915 posset,
440 3832 482 3895 ait
504 3832 555 3895 ille
578 3849 724 3911 nequam:
751 3833 860 3897 „Mum
880 3833 993 3896 siccant
1015 3833 1088 3896 telas
1111 3837 1140 3897 ct
1162 3834 1316 3897 albiticant
1331 3833 1369 3894 ad

303 3922 401 3985 solem
419 3939 475 4001 per
489 3926 582 3985 totam
595 3925 705 3984 terram
722 3927 866 4000 nostram,
882 3922 907 3985 si
925 3941 982 4003 pro
999 3922 1134 4002 qualibet
1149 3921 1206 3983 tela
1221 3921 1261 3984 xii
1279 3922 1370 3983 dena-

304 4012 367 4074 rios
378 4010 539 4091 accipiatis,
555 4027 699 4089 magnam
712 4011 872 4090 pecuniam
885 4012 1073 4091 acquiretis.u
1108 4012 1143 4073 Et
1159 4010 1197 4072 ita
1218 4009 1371 4089 malignus

303 4100 354 4163 ille
370 4099 493 4162 induxit
507 4098 671 4162 dominum
686 4116 779 4161 suum
803 4104 836 4161 ut
850 4099 996 4163 venderet
1010 4100 1085 4163 solis
1101 4097 1203 4162 radios
1219 4096 1272 4177 qui
1287 4116 1370 4160 corn-

252 4205 417 4252 aumunes
440 4192 512 4251 sunt
534 4188 689 4252 omnibus.
737 4188 807 4250 Hoc
833 4193 934 4251 autem
962 4188 1074 4251 vicium
1099 4186 1283 4249 adulationis
1306 4203 1369 4248 non

302 4278 406 4341 solum
431 4277 585 4340 christiani
608 4277 662 4341 sed
687 4276 777 4339 eliam
801 4277 912 4355 pagani
938 4294 1045 4355 aspere
1069 4273 1371 4354 reprehendunt...
