3525 5025
830 486 1070 545 -136-

418 678 487 725 sum
504 659 563 723 ille.
602 659 760 740 insignum
778 658 870 723 huius
886 677 964 739 rogo
982 663 1011 722 te
1026 658 1075 722 dei
1098 676 1213 736 amore,
1237 664 1271 721 ut
1292 659 1331 722 ad
1355 659 1481 739 impera·

418 750 522 813 tricem
546 765 658 831 pergas
679 752 709 812 et
730 748 758 811 ei
781 746 821 811 de
835 747 971 812 aduentu
988 764 1058 811 meo
1073 747 1166 826 dicas,
1190 752 1225 811 ut
1241 748 1332 811 michi
1348 748 1484 811 celeriter

365 855 407 904 aaa
421 842 519 903 vestes
541 836 643 915 mittat,
674 837 747 918 quia
767 837 868 900 aulam
901 838 1011 901 intrare
1034 837 1115 901 volo.
1161 836 1193 901 Si
1217 856 1291 901 vero
1314 837 1399 901 dictis
1423 837 1484 900 tuis

419 945 483 991 non
506 925 616 1004 credat,
645 925 754 1004 dicei,
783 926 870 1007 quod
894 944 949 1008 per
972 926 1026 990 isla
1048 926 1136 1005 signa
1158 930 1187 988 et
1214 926 1277 1003 ista,
1307 945 1367 1005 que
1389 944 1484 990 nemo

419 1016 515 1094 nouit,
538 1016 597 1080 nisi
621 1032 679 1079 nos
701 1014 774 1091 duo,
797 1018 830 1078 vt
843 1016 898 1080 tibi
922 1033 977 1096 per
999 1014 1105 1078 omnia
1126 1014 1262 1079 eredatl¹¹
1297 1015 1347 1077 nn
1361 1015 1483 1078 ianitor:

422 1106 515 1171 ,Νοτι
537 1103 656 1181 dubito,
679 1104 751 1185 quia
773 1104 816 1167 sis
839 1104 973 1182 insanus,
997 1104 1070 1186 quia
1093 1104 1152 1167 iam
1174 1103 1322 1167 dominus
1345 1122 1433 1167 meus
1452 1103 1483 1167 in

419 1211 526 1259 mensa
552 1192 638 1257 sedet
666 1198 695 1256 el
725 1192 899 1274 imperatrix
923 1194 1004 1256 iuxta
1027 1211 1109 1256 eum.
1156 1194 1379 1270 Verumtamen,
1410 1193 1486 1273 quia

366 1301 407 1348 no
420 1282 498 1347 dicis
525 1286 555 1345 te
585 1282 799 1362 imperatorem
829 1300 903 1360 esse,
945 1281 1116 1362 imperatrici
1148 1281 1298 1345 intimabo
1329 1287 1357 1345 et
1384 1287 1486 1345 certus

418 1390 497 1449 sum,
520 1370 593 1452 quia
615 1371 748 1451 grauiter
770 1375 896 1452 propter
918 1372 978 1435 hoc
1001 1371 1167 1451 punierisu
1205 1371 1318 1434 ianitor
1332 1371 1370 1433 ad
1387 1371 1485 1452 impe·

420 1460 556 1524 ratricem
580 1459 719 1541 perrexit,
745 1460 831 1523 flexis
854 1461 987 1541 genibus
1010 1460 1116 1523 omnia
1137 1460 1165 1523 ei
1189 1460 1297 1523 retulit.
1344 1459 1395 1522 llla
1419 1478 1485 1523 non

419 1548 576 1613 modicum
607 1549 779 1614 contristata
812 1548 850 1611 ad
886 1549 1049 1613 dominum
1083 1567 1176 1613 suum
1205 1566 1363 1627 conuersa,
1403 1549 1487 1612 iuxta

419 1657 512 1719 quem
535 1637 667 1714 sedebat,
690 1638 743 1701 ait:
770 1637 821 1704 „0
844 1638 972 1702 domine
994 1638 1046 1716 mi,
1069 1638 1171 1701 audite
1186 1638 1350 1704 mirabilia!
1390 1638 1488 1718 Signa

366 1744 406 1791 ns
421 1727 539 1809 priuata
561 1726 639 1790 inter
661 1744 720 1790 nos
741 1727 845 1808 sepius
868 1732 932 1790 acta
947 1727 1073 1808 quidam
1090 1727 1236 1807 rybaldus
1252 1746 1308 1807 per
1324 1726 1485 1790 ianitorem

419 1816 512 1879 michi
544 1815 645 1879 recitat
676 1819 706 1879 et
739 1815 812 1879 dicit
843 1834 877 1879 se
908 1816 1121 1897 imperatorem
1157 1834 1222 1880 esse
1256 1819 1286 1878 et
1319 1815 1485 1879 dominum

419 1920 553 1969 meum.l
592 1906 659 1986 lpse
675 1923 745 1968 cum
762 1905 822 1969 hoc
845 1905 905 1985 (Bt.
923 1906 1005 1985 65τ.)
1028 1904 1171 1983 audisset,
1196 1906 1331 1986 precepit
1354 1905 1484 1982 ianitori,

418 1998 449 2057 vl
479 2012 550 2057 eum
586 1994 790 2058 introduceret
824 1994 855 2057 in
891 1998 1083 2076 conspectam
1118 1994 1268 2057 omnium.
1316 1994 1381 2069 Qui
1414 2012 1484 2058 cum

419 2083 610 2148 introductus
636 2082 743 2147 luisset
768 2083 899 2147 totaliter
921 2083 1032 2161 nudus,
1063 2083 1145 2147 ornis
1169 2083 1304 2162 quidam,
1336 2084 1484 2164 quiante

366 2190 406 2237 mo
420 2191 491 2236 eum
521 2172 650 2235 multum
682 2172 793 2249 dilexit
824 2172 863 2235 ad
891 2176 995 2251 guttur
1017 2172 1143 2249 saltauit,
1174 2176 1205 2234 vt
1227 2190 1299 2235 eum
1323 2172 1485 2250 occideret,

419 2262 473 2325 sed
508 2280 562 2342 per
596 2261 739 2325 homines
773 2261 935 2342 inpeditus,
971 2260 1056 2341 quod
1087 2279 1159 2323 eum
1191 2278 1254 2324 non
1287 2261 1362 2324 lesit
1411 2264 1484 2325 ltem

419 2350 574 2430 quendam
599 2350 749 2415 falconem
773 2350 904 2415 habebat
919 2350 950 2412 in
967 2350 1086 2431 pertica,
1110 2350 1163 2430 qui
1184 2368 1342 2414 cumeum
1359 2350 1485 2429 videret,

419 2439 577 2520 ligaturam
616 2438 706 2522 tregit
743 2444 772 2502 et
809 2443 891 2503 extra
928 2439 1029 2502 aulam
1064 2438 1187 2503 volauit
1231 2438 1283 2501 Ait
1317 2439 1487 2522 imperator

419 2530 566 2593 omnibus
604 2529 635 2592 in
672 2530 750 2607 aula,
787 2529 965 2592 sedentibus
1000 2529 1031 2591 in
1066 2546 1179 2606 mensa,
1217 2529 1283 2592 siue
1321 2531 1485 2595 stantibus:

366 2633 406 2682 mo
423 2618 610 2694 „Karissimi
644 2619 692 2697 ait,
726 2617 827 2681 audite
859 2637 928 2682 mea
958 2618 1059 2696 verba,
1093 2636 1154 2697 que
1184 2617 1230 2681 isti
1261 2617 1376 2681 dicam!
1427 2621 1487 2683 Dic

420 2707 521 2785 michi,
538 2707 702 2785 karissime,
721 2707 791 2789 quis
806 2726 839 2771 es
854 2712 886 2770 tu
903 2711 932 2771 et
947 2707 988 2771 ob
1005 2725 1098 2787 quam
1115 2725 1236 2770 eausam
1253 2707 1315 2770 huc
1330 2708 1483 2772 venisti?“

418 2798 458 2859 At
481 2797 543 2860 ille:
570 2796 735 2875 „Domine
759 2797 924 2878 imperator
946 2814 1015 2860 sum
1040 2796 1126 2860 istius
1149 2795 1268 2877 imperii
1286 2801 1315 2859 et
1334 2796 1486 2863 dominus

419 2886 505 2950 istius
528 2885 601 2962 loci;
632 2889 662 2948 et
684 2886 755 2950 ide'o
778 2885 839 2950 huc
869 2886 938 2950 veni
961 2885 1000 2948 ad
1031 2884 1223 2965 loquendum
1252 2904 1322 2948 curn
1351 2885 1486 2967 impera-

419 2975 521 3039 trice«
569 2974 620 3038 Ait
657 2975 822 3056 imperator
859 2975 1006 3039 omnibus
1043 2973 1320 3038 circumstantibus:
1362 2975 1487 3040 „Dicite
1590 2995 1591 3030 l

366 3083 406 3129 nu
421 3065 513 3128 michi
548 3081 603 3144 per
637 3063 849 3143 iuramentum,
888 3064 973 3145 quod
1008 3063 1128 3142 fecistis,
1163 3063 1233 3143 quis
1267 3068 1407 3127 nostrum
1440 3069 1489 3129 est

421 3155 585 3235 imperator
600 3157 628 3216 et
643 3153 831 3217 dominusil
868 3153 909 3215 m
923 3153 979 3216 illi:
1006 3153 1056 3218 »Ο
1073 3152 1208 3230 domine,
1232 3153 1287 3217 ista
1302 3157 1347 3216 est
1361 3155 1487 3233 questio

421 3242 575 3305 mirabilis.
616 3242 674 3306 Per
692 3242 905 3320 iuramentum,
930 3240 1016 3322 quod
1039 3242 1175 3319 fecimus,
1200 3259 1368 3321 numquam
1395 3242 1485 3306 illum

420 3349 552 3410 nequam
576 3331 718 3409 vidimus,
750 3330 835 3411 quod
859 3330 985 3404 scimus;
1016 3330 1069 3394 sed
1093 3335 1124 3393 tu
1149 3349 1182 3394 es
1208 3330 1356 3395 dominus
1378 3336 1488 3396 noster
1590 3351 1591 3408 ,

419 3424 449 3483 et
463 3419 637 3500 imperator,
660 3438 753 3501 quem
769 3438 787 3482 a
802 3419 960 3482 iuuentute
976 3419 1150 3484 habuimus.
1175 3419 1219 3482 Ed
1240 3419 1312 3483 ideo
1327 3438 1486 3500 rogamus,
1590 3453 1591 3470 2

366 3525 406 3572 rao
420 3512 453 3571 vt
475 3508 625 3589 puniatur,
655 3514 687 3572 vt
708 3527 817 3573 omnes
847 3508 1022 3590 exemplum
1046 3508 1173 3589 capiant,
1206 3513 1239 3572 ut
1267 3509 1307 3571 de
1336 3509 1386 3573 tali
1415 3529 1487 3590 pre-

419 3598 600 3678 sumpcione
622 3616 656 3661 se
684 3617 747 3662 non
772 3598 997 3662 intromittant.¹¹
1047 3598 1213 3678 imperator
1241 3598 1291 3661 ille
1313 3616 1487 3664 conuersus
1590 3593 1591 3666 ἶ

418 3686 457 3749 ad
482 3687 701 3768 imperatricem
719 3693 748 3751 et
761 3688 814 3751 ait:
842 3688 929 3766 nuic,
953 3688 1088 3764 domina,
1113 3688 1205 3750 michi
1222 3706 1277 3768 ρετ
1291 3687 1396 3765 fidem,
1420 3707 1486 3769 qua
1590 3759 1591 3762 Ἴ

419 3775 537 3854 teneris,
567 3776 646 3839 nosti
670 3780 701 3839 lu
726 3776 816 3840 istum
841 3777 1009 3855 bominem,
1038 3776 1092 3858 qui
1115 3776 1188 3840 dicit
1210 3794 1243 3840 se
1267 3777 1484 3857 imperatorem
1590 3785 1591 3858 ξ

419 3868 449 3926 et
471 3864 633 3928 dominum
657 3869 744 3928 tuum
768 3867 876 3930 esseil
924 3866 1048 3930 Atilia:
1082 3865 1132 3932 „O
1155 3866 1240 3930 bone
1261 3865 1396 3942 domine,
1428 3885 1486 3930 eur
1590 3863 1591 3950 ᾗ

364 3953 490 4017 unalia
519 3971 537 4016 a
567 3971 617 4017 me
646 3952 790 4033 querisi⁴⁴
840 3955 953 4018 Nonne
988 3956 1057 4035 plus
1091 3973 1184 4035 quarn
1215 3955 1301 4018 XXX
1330 3955 1420 4018 annis
1452 3956 1484 4020 in
1590 3959 1591 3980 ¹

419 4043 559 4106 societate
581 4046 632 4105 tua
654 4043 719 4106 steti
744 4048 772 4107 et
795 4044 914 4125 prolem
939 4061 993 4123 per
1015 4049 1044 4107 te
1067 4044 1183 4107 habui?
1225 4043 1285 4108 Sed
1308 4061 1405 4107 vnum
1429 4050 1483 4123 est,

420 4131 505 4214 quod
541 4132 644 4208 miror,
683 4131 845 4212 quomodo
876 4131 1022 4213 rybaldus
1057 4133 1107 4195 ille
1141 4133 1281 4212 peruenit
1309 4133 1348 4196 ad
1380 4138 1484 4198 nostra

420 4225 532 4285 secreta
554 4221 713 4284 internos
736 4225 932 4299 perpetrata.u
974 4221 1141 4298 imperator
1155 4220 1206 4282 ille
1221 4221 1297 4283 dixit
1312 4220 1352 4284 ei:
1380 4221 1484 4296 „Quia
