3525 5025
687 517 930 578 —157-

241 695 390 754 inemeret
411 692 530 772 pullum
554 693 669 773 galline
689 697 719 756 et
732 691 858 754 nutriret
880 693 921 755 ita
943 692 1029 773 quod
1053 692 1140 755 lieret
1161 691 1281 772 gallina,
1304 710 1341 755 ex

283 779 362 858 cujus
385 781 454 844 ovis
477 783 592 846 multos
612 782 717 864 pullos
731 781 911 861 acquireret,
935 781 1050 862 quibus
1066 781 1205 860 venditis,
1229 787 1342 845 emeret

282 886 404 947 porcum
412 892 421 948 ;
445 889 509 950 quo
533 872 648 934 nutrito
671 875 701 934 el
723 870 913 951 inpinguato,
936 870 1083 935 venderet
1105 871 1191 933 illum
1214 876 1247 934 ul
1269 871 1342 934 inde

281 963 387 1021 emeret
416 961 537 1040 pullum
566 961 726 1040 equinum,
757 965 786 1022 et
807 964 868 1023 tam
893 959 947 1022 diu
979 960 1106 1023 nutriret
1129 960 1230 1041 ipsum
1254 959 1340 1040 quod

280 1051 364 1126 aptus
386 1053 465 1111 esset
487 1049 526 1111 ad
550 1048 760 1128 equitandum,
783 1053 813 1112 et
833 1049 915 1129 cepit
938 1049 1014 1112 intra
1036 1067 1070 1112 se
1089 1048 1202 1112 dicere:
1229 1049 1341 1129 „Equi-

236 1136 348 1198 rauhbo
370 1155 487 1217 equum
512 1139 609 1215 illum,
632 1143 662 1202 et
676 1139 787 1201 ducam
802 1139 841 1201 ad
862 1155 983 1218 pascua,
1007 1142 1037 1200 et
1050 1137 1149 1200 dicam
1166 1138 1202 1217 ei,
1223 1137 1263 1214 io,
1280 1138 1338 1200 io.u

281 1223 356 1286 Cum
387 1231 489 1290 autern
520 1229 577 1290 hec
603 1228 755 1307 cogitaret,
786 1228 865 1308 cepit
896 1244 1021 1290 movere
1052 1226 1154 1307 pedes,
1186 1231 1222 1304 el,
1254 1227 1341 1306 quasi

279 1313 400 1378 micaria
434 1317 466 1378 in
499 1316 634 1397 pedibus
667 1317 798 1392 haberet,
833 1317 914 1396 cepit
947 1316 1024 1380 talos
1056 1333 1181 1379 movere
1210 1320 1239 1378 et
1270 1333 1342 1396 prae

279 1403 390 1480 gaudio
414 1405 560 1468 manibus
583 1405 804 1486 plaudere;·ita
827 1404 914 1485 quod
939 1409 1024 1468 motu
1042 1404 1157 1485 pedum
1181 1408 1210 1468 et
1232 1405 1341 1486 plausu

278 1509 425 1556 manuum
450 1512 578 1557 urceum
601 1495 699 1574 tregit,
723 1499 752 1557 et
774 1494 847 1557 lacte
870 1495 902 1556 in
919 1497 997 1557 terra
1011 1493 1120 1571 elluso,
1145 1493 1176 1556 in
1200 1493 1344 1556 manibus

234 1591 269 1636 1³6
280 1580 343 1644 suis
365 1583 456 1645 nichil
482 1583 612 1661 invenit,
642 1588 672 1646 el
693 1583 771 1647 sicut
793 1581 879 1664 prius
903 1601 1020 1663 pauper
1041 1584 1146 1658 fuerat,
1177 1581 1217 1645 ila
1240 1588 1344 1664 postea

279 1673 440 1752 pauperior
455 1672 522 1736 luit
553 1673 644 1735 Multi
660 1672 742 1735 enim
759 1672 854 1735 multa
870 1677 1051 1752 proponunt
1066 1675 1094 1736 et
1110 1671 1203 1734 nichil
1219 1671 1343 1735 iaciunt.

666 1873 692 1933 r.
734 1868 787 1948 [=
811 1869 871 1932 no.
898 1867 959 1948 52.)

364 1993 479 2056 Audivi
511 1992 551 2055 de
580 1992 717 2073 quodam
748 2011 863 2072 magno
895 1992 1004 2057 clerico
1037 1992 1091 2072 qui
1122 1992 1219 2055 luerat
1250 1991 1343 2055 advo·

283 2086 361 2145 catus
382 2083 414 2144 in
442 2081 549 2146 seculo
581 2086 610 2144 et
638 2082 702 2145 iere
729 2082 760 2144 in
785 2081 932 2145 omnibus
956 2082 1054 2145 causis
1077 2079 1243 2159 obtinebat,
1273 2099 1343 2144 cum

287 2169 338 2248 [lo.
376 2170 470 2251 43v0]
511 2171 694 2252 suscepisset
731 2171 869 2234 habitum
909 2171 1132 2234 monachorum
1171 2169 1346 2250 frequenter

237 2266 271 2311 ¹⁴⁰
285 2260 452 2324 mittebatur
478 2259 518 2323 ad
546 2277 654 2323 causas
687 2259 905 2340 procurandas,
936 2265 965 2322 et
995 2259 1026 2322 in
1054 2259 1141 2323 omni
1164 2276 1255 2322 causa
1277 2275 1345 2322 suc-

284 2351 448 2412 cumbebat
489 2349 605 2414 Verum
628 2348 724 2412 abbas
746 2353 776 2412 et
798 2347 942 2412 monachi
966 2348 1115 2429 indignati
1139 2347 1282 2411 dixerunt
1304 2349 1344 2411 ei:

287 2435 475 2517 „Quomodo
505 2437 537 2500 in
565 2437 664 2501 causis
695 2438 806 2501 nostris
840 2455 962 2519 semper
992 2437 1168 2502 succumbis
1198 2437 1344 2519 quicum

284 2546 359 2591 esses
381 2529 412 2592 in
437 2528 544 2591 seculo
566 2545 689 2608 semper
703 2528 865 2591 obtinebas
879 2528 912 2590 in
927 2528 1027 2592 causis
1048 2528 1197 2591 alienis?u
1234 2526 1273 2590 nt
1296 2527 1346 2589 ille

285 2617 450 2697 respondit:
477 2616 580 2682 „Cum
596 2635 695 2679 essem
711 2616 863 2695 secularis,
880 2616 1001 2680 mentiri
1025 2634 1089 2681 non
1114 2616 1267 2693 timebam,
1290 2616 1345 2679 sed

239 2711 273 2756 ¹45
286 2724 335 2785 per
357 2706 512 2769 mendatis
527 2710 557 2769 et
570 2705 694 2769 fraudes
709 2705 900 2771 adversarios
918 2706 1113 2787 superabam;
1138 2723 1221 2769 nunc
1236 2710 1346 2781 autern,

284 2796 352 2873 quia
380 2813 445 2858 non
479 2794 581 2859 audeo
611 2794 712 2859 dicere
743 2795 800 2858 nisi
830 2813 952 2873 verum,
982 2813 1105 2875 semper
1132 2794 1240 2858 accidit
1270 2794 1346 2857 mihi

284 2884 497 2947 contrarium.¹⁴
533 2886 569 2947 Et
583 2884 624 2947 ita
637 2884 806 2965 permissus
828 2889 873 2948 est
896 2886 927 2947 in
951 2884 1071 2947 claustri
1095 2902 1169 2965 pace
1191 2884 1347 2964 quiescere

284 2990 338 3036 nec
357 2974 493 3055 amplius
516 2974 629 3036 missus
652 2977 697 3038 est
718 2973 757 3036 ad
782 2974 973 3055 litigandum.

665 3158 693 3215 8.
735 3152 788 3232 [=
812 3152 873 3217 Νο.
901 3149 964 3233 56.]

370 3276 537 3357 Proprium
577 3275 703 3355 quidem
738 3280 783 3339 est
817 3275 1047 3356 presumptuosi
1085 3275 1208 3339 credere
1243 3276 1281 3339 de
1315 3294 1348 3339 se

167 3381 168 3448 l
238 3382 375 3446 nosupra
397 3384 432 3429 se
455 3370 542 3428 elea
565 3383 626 3445 que
650 3382 713 3427 non
745 3364 835 3427 habet
865 3370 972 3445 putare
1002 3383 1035 3427 se
1065 3365 1188 3428 habere.
1234 3364 1347 3428 Audivi

167 3463 169 3535 t
284 3455 323 3517 de
344 3455 483 3535 quodam
513 3454 670 3518 sacerdote
700 3455 753 3533 qui
781 3472 889 3518 vocem
919 3454 1081 3518 asinariam
1109 3458 1139 3517 et
1170 3454 1347 3519 horribilem

285 3544 414 3608 habebat
444 3548 474 3606 et
502 3548 603 3606 tamen
634 3560 668 3606 se
697 3544 776 3606 bene
806 3548 927 3607 cantare
957 3544 1089 3624 putabat.
1135 3543 1217 3607 Cum
1247 3548 1347 3607 autem

285 3633 415 3713 quadarn
440 3632 491 3694 die
513 3636 652 3709 cantaret,
676 3633 786 3695 mulier
808 3632 935 3712 quidam
953 3632 1082 3697 audiens
1105 3651 1176 3695 eum
1202 3633 1348 3713 plorabat.

286 3722 438 3786 Presbiter
459 3739 533 3784 vero
556 3721 685 3785 credens
707 3722 794 3801 quod
818 3724 963 3785 suavitate
985 3722 1071 3786 vocis
1093 3741 1148 3785 sue
1171 3721 1209 3784 ad
1233 3722 1349 3785 devoti·

240 3830 376 3877 usonem
412 3816 442 3873 et
476 3811 615 3874 lacrimas
649 3810 759 3873 mulier
796 3811 976 3888 incitaretur,
1015 3812 1094 3892 cepit
1127 3810 1229 3874 adhuc
1262 3812 1350 3874 altius

285 3902 424 3965 damare.
464 3900 503 3964 nt
525 3901 577 3963 illa
599 3900 678 3980 cepit
700 3900 799 3979 magis
821 3900 905 3964 llere.
944 3900 1032 3963 Tunc
1054 3899 1197 3964 sacerdos
1220 3899 1350 3981 quesivit

168 3985 169 3994 ’
284 4009 302 4053 a
323 3990 454 4053 muliere
476 4008 571 4070 quare
593 3989 688 4066 fleret,
711 3989 840 4053 credens
862 3988 969 4052 audire
984 3989 1071 4069 quod
1096 3990 1224 4051 libenter
1246 3988 1349 4050 audie-

284 4081 341 4144 bat.
388 4079 429 4141 nt
451 4079 502 4142 illa
524 4079 612 4141 dixit:
643 4078 808 4157 „Domine
838 4096 899 4157 ego
929 4094 996 4140 sum
1027 4078 1077 4141 illa
1108 4076 1213 4139 infelix
1241 4076 1351 4138 mulier

168 4179 169 4188 ’
284 4171 372 4251 cujus
410 4168 531 4231 asinum
566 4169 659 4249 lupus
693 4166 744 4229 illa
777 4168 827 4229 die
862 4166 1032 4243 devoravit,
1071 4170 1100 4229 et
1133 4164 1260 4243 quando
1294 4180 1351 4225 vos

167 4267 169 4342 l
240 4277 273 4323 ru
286 4260 382 4323 audio
412 4262 538 4337 cantare,
568 4257 667 4320 statim
698 4254 738 4317 ad
769 4255 950 4318 memoriam
985 4254 1099 4317 reduco
1129 4252 1215 4330 quod
1247 4251 1351 4313 asinus
