3525 5025
898 506 1118 562 ...30-

425 696 466 743 aad
481 695 555 829 curn:1
575 693 647 741 suas
668 675 829 741 transferre
853 694 936 755 oves,
959 681 989 740 et
1011 695 1104 757 quam
1128 676 1228 757 incepi
1245 677 1379 740 fabulam
1394 676 1430 739 ad
1446 676 1530 739 finem

480 783 519 847 pe
557 783 656 830 ucam.
685 800 711 811 -

903 890 982 956 xlv.
1031 896 1126 954 1-8.

573 1040 598 1093 1.
624 1031 748 1095 Dictum
772 1032 926 1112 estquod
950 1032 1077 1113 quidam
1102 1032 1217 1097 nobilis
1247 1032 1397 1113 progenie
1422 1032 1532 1095 baberet

480 1138 610 1186 uxorem
633 1126 743 1185 castam
768 1121 900 1185 nimium
923 1127 953 1184 et
975 1121 1154 1186 formosam.
1197 1120 1338 1201 Contigit
1360 1121 1436 1185 forte
1457 1120 1532 1201 quod

480 1210 627 1275 orationis
650 1208 753 1275 studio
777 1209 908 1278 Romam
931 1210 1021 1273 vellet
1042 1210 1136 1274 adire.
1181 1210 1242 1275 Sed
1265 1210 1361 1274 alium
1389 1210 1532 1275 custodem
1583 1201 1585 1215 ἶ

426 1316 467 1365 aro
480 1299 569 1364 uxori
593 1316 666 1363 suae
690 1298 747 1363 nisi
776 1302 872 1363 semet
902 1298 999 1381 ipsam
1030 1299 1131 1363 noluit
1159 1300 1318 1380 deputare,
1349 1299 1432 1363 illius
1459 1298 1534 1363 mstis

481 1388 622 1453 moribus
653 1388 724 1452 satis
753 1387 900 1466 confisus,
933 1392 963 1451 et
995 1388 1155 1469 probitatis
1187 1388 1310 1453 honori.
1360 1389 1420 1452 Hic
1445 1393 1532 1451 autem

481 1481 585 1559 parato
609 1481 780 1541 commeatu
803 1477 888 1540 abiit.
935 1485 964 1540 2.
989 1478 1079 1542 Uxor
1100 1495 1175 1541 vero
1198 1483 1278 1541 caste
1305 1477 1440 1541 vivendo
1462 1476 1533 1541 etin

480 1565 628 1630 omnibus
658 1566 825 1647 prudenter
851 1583 948 1646 agens
975 1567 1126 1630 remansit
1174 1565 1293 1631 Accidit
1315 1566 1439 1631 tandem
1461 1563 1535 1646 quod

481 1655 655 1719 necessitate
678 1655 838 1735 compulsa
859 1673 877 1719 a
901 1654 998 1719 domo
1018 1673 1073 1719 sua
1089 1656 1215 1737 propria
1230 1674 1317 1720 suam
1333 1659 1536 1720 convenbtura

426 1762 467 1810 aas
481 1744 613 1807 vicinam
645 1744 848 1824 egrederetur.
901 1743 990 1818 Quae
1020 1749 1143 1825 peracto
1173 1746 1299 1825 negotio
1328 1744 1368 1808 ad
1392 1744 1535 1825 propriam

481 1833 633 1896 remeavit.
686 1833 789 1908 Quam
816 1833 939 1913 iuvenis
965 1838 1116 1914 aspectam
1144 1834 1262 1897 ardenti
1289 1852 1397 1898 amore
1424 1833 1537 1912 diligere

481 1922 593 2003 coepit,
624 1926 653 1985 et
684 1922 836 2003 plurimos
865 1922 905 1986 ad
935 1941 1003 1986 eam
1034 1921 1144 1987 direxit
1166 1923 1299 1987 nuncios
1321 1922 1450 2003 cupiens
1475 1938 1537 1985 con-
1583 1957 1584 1996 q

479 2011 610 2090 jungere
632 2028 664 2075 se
688 2010 738 2088 illi,
763 2030 934 2092 perquam
957 2015 1040 2075 tanto
1063 2011 1189 2076 ardebat
1210 2030 1325 2076 amore.
1368 2017 1397 2076 3.
1423 2010 1535 2085 Quibus
1583 2049 1584 2060 .

481 2100 641 2164 contemtis
663 2098 806 2179 iuvenem
831 2100 953 2180 penitus
975 2100 1097 2181 sprevit.
1143 2101 1195 2164 ille
1218 2119 1305 2180 vero,
1329 2119 1428 2181 quum
1452 2118 1483 2163 se
1503 2098 1538 2162 sic
1583 2147 1585 2178 ,

427 2208 468 2255 aso
483 2192 671 2253 contemtum
695 2189 829 2267 sentiret,
853 2189 964 2253 dolens
986 2189 1065 2253 adeo
1088 2189 1220 2253 efficitur
1243 2194 1276 2253 ut
1298 2189 1397 2254 nimio
1421 2187 1538 2252 infirmi-

481 2278 548 2341 tatis
578 2294 671 2341 onere
694 2283 878 2358 gravaretur.
927 2277 1054 2359 Saepius
1085 2283 1186 2341 tamen
1209 2279 1282 2343 illuc
1309 2279 1373 2342 ibat
1394 2297 1459 2358 quo
1481 2294 1538 2341 eam

482 2384 634 2447 egressam
651 2365 774 2445 viderat,
799 2367 978 2431 desiderans
993 2386 1060 2431 eam
1076 2366 1253 2446 convenire,
1277 2368 1332 2431 sed
1354 2382 1538 2448 nequaquam
1583 2409 1584 2416 .

482 2455 648 2538 praevaluit
671 2455 801 2522 efficere.
842 2466 871 2521 4.
890 2455 949 2520 Cui
974 2475 1046 2538 prae
1068 2456 1178 2520 dolore
1193 2456 1360 2521 lacrimanti
1376 2457 1412 2521 fit
1427 2455 1538 2521 obviam

481 2564 559 2610 anus
589 2546 748 2626 religionis
778 2546 883 2610 habitu
914 2546 1067 2625 decorata,
1103 2565 1253 2626 quaerens
1288 2564 1442 2627 quaenam
1471 2547 1539 2608 esset
1583 2552 1584 2629 J

428 2653 468 2700 aas
483 2653 581 2714 causa,
605 2652 684 2716 quae
707 2653 778 2699 eum
802 2635 846 2699 sic
868 2634 974 2699 dolere
997 2635 1201 2716 compelleret.
1242 2635 1302 2700 Sed
1325 2635 1448 2716 juvenis
1470 2651 1539 2715 quae

483 2725 514 2788 in
537 2743 593 2788 sua
616 2729 787 2788 versaretur
808 2724 994 2788 conscientia
1016 2725 1144 2788 minime
1166 2723 1307 2806 detegere
1331 2725 1462 2789 volebat.
1498 2720 1541 2785 ild
1583 2792 1584 2801 ,

482 2832 574 2895 quem
599 2832 689 2878 anus:
713 2814 840 2888 Quanto
860 2813 931 2894 quis
954 2813 1160 2877 infirmitatem
1176 2832 1264 2878 suam
1281 2812 1402 2877 medico
1419 2813 1542 2876 revelare
1583 2810 1584 2835 l

482 2903 638 2982 distulerit,
662 2907 745 2967 tanto
761 2903 895 2984 graviori
911 2902 1024 2966 morbo
1037 2902 1154 2966 attritus
1178 2903 1276 2966 fuerit.
1303 2939 1328 2946 -
1354 2903 1430 2977 Quo
1446 2901 1542 2964 audito

482 2993 613 3055 narravit
635 3011 672 3055 ex
695 2990 805 3055 ordine
828 2991 989 3073 quaesibi
1012 2991 1189 3070 acciderant,
1214 2996 1243 3056 et
1264 3009 1356 3055 suum
1381 2988 1543 3072 propalavit
1583 3030 1584 3035 η

428 3084 642 3146 aasecreum.
688 3079 748 3144 Cui
772 3098 861 3144 anus:
895 3080 943 3144 De
971 3080 1019 3143 his
1042 3081 1204 3161 quaejam
1228 3080 1329 3144 dixisti
1354 3080 1413 3143 Dei
1438 3078 1543 3144 auxilio
1583 3106 1584 3109 ¹

483 3169 653 3232 remedium
677 3170 842 3234 inveniam.
864 3206 890 3214 -
914 3171 942 3234 5.
968 3171 1004 3232 Et
1019 3188 1056 3234 eo
1072 3170 1176 3233 relicto
1191 3170 1230 3233 ad
1247 3169 1373 3251 propria
1395 3167 1542 3233 remeavit.

484 3259 520 3320 Et
542 3257 711 3322 caniculam
727 3275 821 3338 quam
837 3258 920 3340 apud
936 3277 971 3322 se
986 3259 1124 3337 habebat,
1148 3258 1274 3323 duobus
1289 3258 1400 3322 diebus
1415 3258 1545 3338 ieiunare

483 3347 590 3427 coegit,
615 3350 643 3410 et
666 3347 716 3410 die
739 3347 826 3411 tertio
850 3366 961 3428 panem
985 3348 1083 3428 sinapi
1107 3347 1252 3411 infectum
1274 3348 1423 3428 jejunanti
1448 3346 1545 3426 largita

483 3440 535 3500 est.
575 3435 665 3511 Quae
687 3435 763 3498 dum
787 3440 928 3516 gustaret,
952 3455 1024 3517 prae
1045 3436 1249 3500 amaritudine
1271 3436 1352 3501 oculi
1377 3437 1445 3517 eius
1468 3433 1544 3500 lacri-

428 3543 469 3590 aas
485 3525 560 3589 mari
584 3530 758 3606 coepemnt.
805 3526 893 3589 Tunc
923 3543 1002 3590 anus
1032 3525 1070 3588 ad
1100 3525 1230 3590 domum
1261 3525 1390 3608 pudicae
1419 3526 1546 3589 feminae
1583 3574 1584 3577 η

483 3615 628 3695 perrexit,
660 3632 753 3694 quam
783 3614 905 3694 juvenis
932 3614 1105 3695 praedictus
1133 3614 1212 3681 adeo
1243 3615 1356 3679 dilexit.
1405 3621 1434 3678 ό.
1463 3615 1546 3690 Quae

484 3703 655 3768 honorifice
679 3722 736 3784 pro
761 3721 872 3783 magna
896 3703 1054 3784 religionis
1081 3705 1182 3785 specie
1208 3705 1249 3769 ab
1277 3722 1313 3767 ea
1334 3708 1476 3786 suscepta
1498 3705 1544 3766 est.
1583 3716 1584 3757 ῑ

485 3793 574 3856 Hanc
601 3798 701 3855 autern
732 3809 787 3855 sua
816 3793 1001 3873 sequebatur
1031 3794 1176 3857 canicula.
1228 3793 1401 3874 Quumque
1428 3794 1547 3857 vidisset
1583 3808 1584 3853 1

484 3881 594 3944 mulier
617 3881 668 3944 illa
691 3881 858 3944 caniculam
875 3881 1091 3961 lacrimantem,
1111 3882 1262 3962 quaesivit
1283 3882 1360 3962 quid
1377 3881 1503 3946 haberet
1523 3883 1547 3942 et
1583 3884 1584 3957 l

429 3988 470 4034 aro
485 3988 580 4050 quare
608 3970 822 4034 lacrimaretur.
870 3970 957 4033 Anus
986 3970 1026 4033 ad
1058 3971 1144 4034 haec:
1175 3971 1342 4034 Carissima
1372 3971 1483 4049 amica,
1514 3985 1546 4031 ne
1583 3984 1584 3987 ¹

484 4077 613 4138 quaeras
636 4059 712 4139 quid
736 4059 781 4137 sit,
806 4058 893 4139 quod
916 4059 995 4122 adeo
1012 4077 1143 4139 magnus
1158 4059 1251 4124 dolor
1265 4064 1311 4124 est
1327 4060 1414 4140 quod
1431 4073 1546 4140 nequeo

483 4147 592 4211 dicere.
625 4183 651 4192 —
689 4148 801 4212 Mulie'r
831 4165 905 4213 vero
936 4148 1035 4229 magis
1065 4148 1226 4228 instigabat
1256 4153 1289 4212 ut
1318 4147 1439 4212 diceret
1493 4144 1545 4211 Cui

483 4254 573 4300 anus:
611 4238 695 4300 Haec
718 4254 810 4317 quam
835 4236 988 4315 conspicis
1017 4236 1153 4299 canicula
1184 4255 1251 4300 mea
1282 4242 1344 4300 erat
1372 4237 1444 4316 filia,
1475 4241 1547 4302 osu
1583 4256 1584 4347 p
