3525 5025
709 520 951 577 -119-

309 691 424 754 nomine
446 691 564 769 Studer,
596 692 650 772 qui
675 710 800 754 uxorem
832 692 969 771 pulcram
1001 692 1122 773 accepit,
1153 692 1208 756 sed
1231 692 1362 759 stultam.

309 782 341 842 ln
361 781 441 843 cuins
456 780 553 844 domo
570 780 698 860 quidam
722 798 849 861 serpens
865 781 1019 843 habitabat
1035 780 1065 842 in
1083 781 1215 860 quadam
1232 800 1361 847 camera.

308 870 391 932 Miles
411 888 483 932 vero
496 874 707 933 torneamenta
726 874 756 931 et
770 869 934 933 hastiludia
956 870 1173 949 frequentabat,
1197 870 1360 933 intantum

256 979 294 1025 na
309 959 387 1037 qnod
402 958 524 1021 deuenit
546 958 585 1021 ad
611 977 754 1037 magnam
778 962 950 1038 egestatem.
987 957 1077 1022 Vnde
1099 958 1186 1021 fleuit
1208 977 1310 1022 amare
1332 964 1362 1023 et

307 1048 387 1127 quasi
409 1048 447 1111 de
475 1047 545 1128 ipso
569 1048 755 1128 desperatus.
801 1047 934 1128 Serpens
959 1046 1018 1126 (Βὶ.
1048 1048 1130 1127 12ν.)
1155 1067 1228 1113 vero
1252 1048 1361 1112 videns

306 1138 367 1198 eins
387 1136 534 1213 dolorem,
558 1136 628 1198 data
651 1141 695 1199 est
717 1136 744 1199 ei
768 1155 787 1199 a
809 1136 869 1199 deo
893 1156 954 1199 vox
970 1140 999 1199 et
1014 1137 1066 1199 ait:
1093 1137 1271 1204 „Curiles?
1304 1138 1361 1200 Fac
1453 1184 1456 1191 .

305 1225 464 1288 secundum
490 1244 594 1288 meum
624 1225 787 1288 consilium
812 1230 841 1288 et
863 1229 934 1306 post
956 1225 1068 1288 factum
1100 1244 1163 1289 non
1195 1226 1359 1308 penitebis!

306 1313 433 1393 Singulis
465 1314 577 1377 diebus
612 1314 704 1377 michi
736 1314 776 1377 de
808 1315 882 1378 lacte
913 1313 1074 1393 ministres,
1105 1320 1134 1377 et
1165 1320 1193 1377 te
1224 1314 1357 1378 ditabor

255 1414 293 1457 1⁷⁰
307 1404 389 1466 Miles
402 1404 458 1467 hec
472 1404 603 1466 audiens
618 1404 645 1466 ei
662 1403 793 1465 fideliter
808 1405 868 1467 hoc
883 1404 1052 1485 adimplere
1068 1404 1216 1484 promisit.
1254 1404 1359 1468 Statim

305 1492 376 1553 infra
402 1497 523 1572 tempus
553 1493 648 1555 breue
677 1493 789 1555 ditabis
819 1497 865 1555 est
895 1492 982 1555 valde
1017 1497 1046 1555 et
1076 1492 1207 1556 habebat
1240 1493 1359 1573 prolem

305 1582 530 1660 pulcherrimam
565 1585 595 1643 et
628 1582 841 1662 possessiones
874 1600 1009 1662 magnas.
1055 1581 1173 1646 Accidit
1207 1600 1266 1645 vna
1301 1582 1359 1659 die,

304 1671 381 1748 qnod
403 1689 481 1734 vxor
502 1689 559 1734 sna
581 1672 609 1733 ei
632 1671 764 1733 dicebat:
791 1670 956 1749 „Domine
981 1675 1012 1734 vt
1030 1671 1132 1747 credo,
1156 1670 1210 1734 iste
1233 1689 1360 1752 serpens

305 1760 391 1822 multa
405 1760 487 1822 bona
502 1759 640 1841 possidet
651 1760 682 1821 in
695 1777 822 1837 camera,
839 1760 869 1821 in
887 1778 948 1840 qua
964 1759 1044 1822 iacet
1069 1758 1219 1838 Consulo,
1235 1764 1267 1822 vt
1282 1761 1360 1824 occi·

255 1856 292 1901 175
306 1848 391 1925 datur,
407 1853 436 1911 et
447 1850 531 1912 bona
546 1849 651 1911 omnia
667 1849 905 1928 optinebimus.¹¹
932 1849 985 1911 ille
996 1866 1070 1912 vero
1081 1848 1120 1911 ad
1134 1848 1358 1913 instinctionem

304 1938 430 2000 mulieris
454 1938 598 2000 malleum
627 1938 773 2017 portabat,
805 1943 836 2001 vt
858 1943 1030 2018 serpentem
1055 1938 1213 2015 occideret,
1244 1938 1275 2001 in
1300 1956 1359 2001 vna

303 2044 387 2089 manu
410 2031 439 2089 et
467 2028 513 2090 lac
540 2027 671 2089 habebat
703 2026 733 2088 in
762 2044 835 2090 uase
859 2028 890 2089 in
914 2027 1003 2090 altera
1030 2045 1131 2089 manu.
1178 2026 1260 2091 Cum
1284 2046 1359 2091 vero

301 2134 349 2178 vas
370 2116 451 2179 lactis
473 2134 600 2196 serpens
623 2115 747 2194 videret,
771 2120 853 2179 extra
876 2134 1027 2179 cameram
1052 2120 1141 2197 caput
1165 2115 1305 2194 extendit,
1329 2120 1360 2179 vt

303 2203 344 2266 lac
364 2204 510 2268 lamberet
539 2223 626 2267 more
656 2210 813 2268 consueto.
861 2206 952 2268 Miles
982 2223 1056 2268 vero
1087 2206 1196 2284 grandi
1228 2206 1286 2270 ictu
1319 2204 1358 2267 ad

256 2300 290 2345 18⁰
303 2299 465 2374 serpentem
490 2294 650 2374 percussit,
680 2293 734 2357 sed
765 2312 892 2375 serpens
922 2297 1012 2375 caput
1042 2294 1169 2373 retraxit,
1202 2298 1230 2357 et
1258 2294 1357 2357 mallei

302 2382 384 2444 ictum
408 2402 462 2445 vas
484 2383 626 2463 suscepit.
669 2383 774 2447 Statim
798 2402 867 2446 cum
893 2384 959 2446 talis
982 2382 1123 2464 prodicio
1146 2383 1252 2447 luisset
1274 2384 1357 2461 iacta,

301 2472 410 2551 prolem
435 2476 464 2536 et
494 2471 599 2536 omnia
629 2472 713 2536 bona
743 2471 831 2537 miles
860 2472 969 2536 amisit.
1015 2471 1066 2536 Ait
1088 2472 1114 2536 ei
1139 2490 1227 2536 vxor:
1266 2473 1357 2538 „lieu

302 2561 393 2638 michi,
425 2562 541 2625 malum
572 2562 734 2625 consilium
765 2563 819 2625 tibi
851 2561 938 2625 dedi!
985 2561 1046 2626 Sed
1076 2581 1168 2643 perge
1200 2563 1296 2625 modo
1319 2561 1358 2624 ad

301 2649 430 2714 toramen
466 2651 616 2732 serpentis
646 2655 675 2713 et
709 2651 836 2714 humilia
866 2655 895 2714 te
925 2651 992 2729 sibi,
1032 2657 1061 2714 et
1087 2651 1166 2714 torte
1193 2651 1277 2714 dabit
1303 2651 1357 2714 tibi

256 2741 424 2818 mgraciam
464 2740 570 2803 iterato
608 2741 691 2803 bona
729 2740 975 2821 recuperando!u
1025 2740 1160 2804 Perrexit
1194 2740 1281 2802 miles
1319 2739 1357 2802 ad

301 2847 443 2892 cameram
466 2830 616 2909 serpentis
644 2833 673 2892 et
699 2829 786 2892 fleuit
807 2847 918 2906 amare,
949 2835 1054 2910 petens
1077 2830 1218 2908 graciam,
1250 2834 1359 2910 viper

300 2936 372 2996 eum,
401 2919 479 2982 sicut
510 2919 604 2998 prins,
636 2918 675 2980 ad
705 2918 835 2982 diuicias
865 2919 904 2981 sit
934 2919 1092 2982 releuatus.
1139 2919 1189 2981 nit
1218 2936 1357 2999 serpens:

302 3008 413 3071 „Modo
436 3007 536 3084 video,
560 3007 646 3086 qnod
670 3009 780 3071 stultus
802 3009 852 3084 sis,
877 3007 950 3086 qnia
974 3026 1037 3071 non
1062 3011 1257 3088 potestesse,
1282 3007 1357 3087 quin

300 3094 345 3157 ille
373 3097 449 3159 ictus
477 3114 609 3176 magnus
640 3097 749 3174 mallei,
782 3115 874 3177 quem
907 3115 959 3160 vas
989 3097 1124 3176 suscepit
1154 3097 1223 3159 loco
1253 3096 1358 3177 capitis

256 3197 288 3244 iao
300 3185 364 3262 mei,
386 3185 502 3248 veniret
516 3185 555 3248 ad
572 3187 752 3249 memoriam
770 3204 884 3262 meam,
909 3190 938 3248 et
953 3185 1056 3263 eciam,
1081 3185 1243 3264 quomodo
1259 3185 1357 3248 occidi

299 3274 410 3351 prolem
434 3280 526 3352 tuam,
550 3279 722 3338 occurreret
744 3275 807 3351 tihi,
832 3279 861 3337 et
876 3293 986 3338 omnes
1008 3274 1136 3337 diuicias
1159 3275 1213 3337 tibi
1237 3275 1357 3351 abstuli,

298 3366 328 3423 et
347 3364 388 3426 sic
409 3363 493 3426 nulla
516 3382 576 3444 pax
590 3367 667 3426 stare
683 3368 795 3444 posset
803 3380 816 3406 ‘⁴
856 3364 907 3426 ille
930 3382 1004 3426 vero
1021 3365 1142 3427 recessit
1165 3364 1357 3428 contristatus

299 3454 328 3512 et
347 3469 464 3534 semper
487 3457 592 3533 postea
616 3453 646 3515 in
670 3457 800 3533 egestate
823 3452 906 3516 vixit.

649 3595 726 3676 Cap.
753 3603 787 3659 31
819 3596 878 3675 (Bl.
907 3595 999 3676 ltu).

690 3696 734 3754 De
752 3699 840 3754 tribus
858 3698 956 3754 anulis

381 3810 471 3872 Miles
486 3809 612 3889 quidam
629 3815 698 3889 erat,
723 3810 776 3890 qni
799 3815 860 3872 tres
875 3810 958 3872 lilios
981 3809 1095 3887 habuit,
1120 3809 1172 3888 qui
1190 3827 1260 3871 cum
1278 3809 1356 3871 mori

256 3894 424 3977 landeberet,
456 3899 663 3979 primogenito
686 3917 744 3962 sao
772 3898 857 3962 dedit
886 3898 1091 3977 hereditatem,
1121 3897 1259 3960 secundo
1290 3897 1356 3961 filio

299 3984 468 4049 thezaurum
493 3993 593 4065 suum,
624 3989 717 4051 tercio
740 4007 814 4051 vero
842 3988 909 4050 lilio
932 3989 1059 4050 anulum
1089 3986 1270 4067 preciosum,
1302 3986 1355 4065 qui

299 4074 362 4151 plus
398 4075 492 4139 valuit
530 4095 622 4157 quam
643 4077 792 4140 'aliorum
832 4078 967 4140 duorum
1004 4075 1167 4157 possessio.
1222 4075 1357 4137 Duobus

298 4165 399 4242 primis
421 4165 506 4229 dedit
528 4166 639 4229 anulos
662 4165 743 4228 duos
767 4171 907 4230 nontam
924 4166 1088 4246 preciosos.
1129 4163 1249 4226 Omnes
1271 4162 1355 4224 anuli
1411 4227 1413 4232 ,

298 4251 416 4317 luemnt
444 4254 581 4317 eiusdem
615 4255 723 4333 forme,
757 4256 811 4317 sed
844 4273 908 4316 non
940 4253 1076 4317 eiusdem
1109 4251 1235 4314 virtutis.
1283 4250 1359 4312 Post
