3525 5025
749 534 989 593 —193—

329 708 509 790 properavit
539 707 661 771 cuidam
690 706 743 788 qui
767 707 807 770 de
830 706 941 771 iniimo
971 724 1083 786 genere
1112 707 1143 770 in
1174 707 1324 789 probitate
1346 725 1404 771 sua

329 798 521 873 ascenderam
553 801 583 860 et
607 796 694 877 [hic],
725 814 796 859 cum
820 795 851 858 in
876 795 1022 875 dignitate
1050 796 1277 860 transcenderet
1303 813 1403 878 genus

329 905 435 964 suum,
458 887 511 949 ait:
545 884 706 964 „Gaudeo
734 883 808 964 quia
829 889 953 964 egomet
975 885 1100 964 surrexi,
1133 889 1165 948 tu
1188 890 1290 949 autem
1314 890 1403 949 exte

264 995 315 1043 666
332 975 481 1053 cecidisti,
515 974 620 1055 generi
652 979 707 1039 tuo
741 974 838 1037 tactus
873 974 904 1035 in
939 973 1086 1052 dedecus,
1121 978 1150 1038 et
1184 993 1243 1054 ego
1277 974 1399 1038 decus.¹¹

331 1067 409 1128 item
443 1064 521 1128 alius
551 1063 757 1145 philosophus
793 1062 844 1126 alii
880 1061 962 1126 idem
994 1063 1138 1126 obicienti
1168 1063 1220 1127 ait:
1255 1063 1401 1129 „Crimen

331 1154 421 1234 quod
445 1153 543 1217 obicis
573 1153 649 1216 mihi
680 1151 895 1233 imputandum
924 1155 969 1214 est
994 1152 1200 1233 [sapiencie?],
1230 1155 1318 1215 tuum
1347 1153 1403 1217 tibi

331 1242 550 1324 imputandum
574 1245 619 1305 est
642 1241 791 1322 ignaviet
829 1241 908 1306 Vera
923 1245 1024 1303 autem
1042 1241 1185 1304 nobilitas
1198 1245 1243 1304 est
1259 1241 1403 1305 nobilitas

331 1331 444 1412 gracie,
474 1349 567 1411 quam
591 1331 645 1411 qui
674 1349 745 1393 vere
773 1329 871 1408 habet,
902 1329 961 1392 Dei
989 1329 1073 1393 lilius
1101 1334 1145 1394 est
1168 1334 1197 1393 et
1219 1329 1404 1410 dedignatur

267 1440 316 1487 sao
333 1438 460 1503 peccare
473 1471 480 1486 .
495 1468 522 1483 ..

712 1563 763 1624 25.
813 1559 1031 1640 1=s2m1

425 1688 498 1749 ltem
515 1684 641 1766 quidam
657 1684 743 1761 alius,
767 1683 886 1748 habens
902 1702 1030 1748 uxorem
1055 1683 1292 1763 inobedientem,
1316 1684 1404 1747 linxit

332 1794 368 1840 se
383 1776 427 1838 ire
442 1775 481 1839 ad
498 1773 666 1851 nundinam
691 1774 825 1855 precepit
840 1773 867 1836 ei
885 1773 970 1853 quod
987 1777 1105 1837 caveret
1124 1791 1163 1838 ne
1185 1773 1291 1853 aliquo
1307 1774 1403 1838 modo

333 1865 467 1944 digitum
490 1881 582 1927 suum
611 1866 740 1943 poneret
767 1862 799 1925 in
823 1862 973 1926 toramine
1004 1862 1126 1942 parietis
1148 1862 1316 1942 cuiusdam,
1348 1861 1403 1942 qui

335 1957 399 2017 erat
426 1953 458 2014 in
487 1952 592 2016 domo.
639 1951 720 2015 Cum
752 1950 802 2014 illa
831 1968 937 2015 secum
971 1951 1131 2014 miraretur
1160 1970 1255 2032 quare
1286 1952 1347 2015 hoc
1376 1951 1403 2014 ei

271 2061 319 2109 666
335 2041 528 2119 inhibuisset,
551 2041 636 2104 venit
650 2039 689 2103 ad
705 2039 860 2120 parietem,
883 2043 955 2120 post
977 2058 1070 2119 quem
1095 2040 1146 2103 ille
1169 2040 1286 2104 latebat
1321 2039 1404 2103 Cum

333 2135 436 2194 autem
472 2130 522 2193 illa
556 2130 732 2209 trequenter
765 2128 896 2208 digitum
928 2129 959 2191 in
995 2129 1147 2193 foramine
1181 2128 1253 2192 dicti
1284 2129 1405 2211 parietis

334 2223 471 2302 poneret,
503 2218 553 2283 ille
576 2237 646 2283 cum
677 2217 782 2298 gladio
812 2217 944 2297 digitum
973 2218 1039 2298 ejus
1068 2219 1247 2298 amputavit;
1279 2217 1337 2300 illa,
1367 2236 1404 2281 ex

333 2327 391 2374 sua
414 2308 628 2373 inobediencia
651 2306 711 2372 hoc
733 2311 892 2388 reportans
908 2307 1151 2385 incommodum,
1175 2311 1321 2387 arguente
1337 2324 1404 2370 eam

334 2398 374 2462 de
398 2398 459 2462 hoc
481 2416 554 2479 sepe
576 2397 644 2461 viro
667 2414 735 2476 suo,
759 2396 869 2459 melius
893 2395 1020 2459 obedire
1044 2396 1167 2460 curavit.

714 2545 765 2603 26.
813 2540 867 2620 [=
892 2538 922 2603 s.
947 2539 1032 2620 asc]

274 2686 319 2732 roo
428 2667 535 2732 llomo
558 2665 685 2746 quidam
706 2664 793 2729 dives
816 2664 894 2727 inter
916 2664 990 2728 alias
1012 2680 1084 2727 suas
1106 2662 1232 2727 divicias
1254 2664 1404 2729 annulum

335 2773 434 2819 unum
459 2754 633 2835 preciosum
650 2754 757 2818 habuit
772 2753 804 2817 in
820 2772 885 2833 quo
901 2758 965 2817 erat
983 2752 1061 2834 lapis
1084 2753 1244 2834 preciosus
1260 2752 1405 2832 inclusus

335 2846 455 2909 habens
469 2843 637 2908 ettimciam
653 2847 759 2907 contra
770 2861 897 2907 omnem
914 2843 1129 2920 infirmitatem,
1144 2846 1178 2905 ut
1192 2860 1259 2905 eam
1275 2846 1405 2919 curaret;

335 2935 485 3015 quicum
509 2951 639 2997 uxorem
662 2932 795 3011 haberet,
819 2932 938 3014 peperit
959 2931 987 2994 ei
1011 2931 1106 2994 tiliam
1131 2930 1296 3011 legitimam
1302 2952 1310 3007 ;
1338 2949 1406 2994 cor·

336 3028 426 3105 mpta
448 3026 555 3103 postea
577 3039 657 3085 uxor
678 3021 759 3085 dicta
780 3039 799 3084 a
821 3020 996 3098 lenonibus,
1021 3020 1138 3101 peperit
1160 3020 1234 3083 alias
1258 3020 1407 3101 plurimas

277 3130 321 3178 ros
337 3112 377 3175 de
398 3111 554 3188 adulteris,
577 3129 639 3191 que
654 3110 711 3174 viri
735 3111 784 3174 sui
807 3128 874 3174 esse
898 3110 1032 3189 legitime
1055 3113 1157 3190 putate
1179 3112 1259 3173 sunt
1297 3109 1405 3174 Vimm

334 3205 527 3265 autemnon
556 3200 641 3263 latuit
668 3200 741 3277 hoc;
769 3199 918 3279 quicum
948 3203 1125 3276 moreretur,
1158 3197 1298 3262 condidit
1320 3201 1406 3263 testa-

335 3294 475 3353 mentum
499 3307 601 3365 suum,
625 3288 711 3369 quod
734 3288 852 3352 annulo
875 3306 935 3352 suo
955 3287 1104 3367 sigillavit,
1129 3287 1160 3349 in
1184 3305 1248 3368 quo
1272 3288 1412 3353 contine,

335 3380 426 3444 batur
448 3378 535 3458 quod
563 3377 627 3441 tilie
654 3395 710 3441 sue
738 3376 872 3457 legitime
903 3376 970 3456 jure
1001 3375 1184 3441 hereditario
1216 3376 1409 3457 relinquebat

334 3467 496 3546 annulum,
525 3472 554 3530 et
576 3466 772 3530 hereditatem
797 3465 840 3528 illi
863 3464 1043 3529 tradendam
1067 3465 1116 3529 cui
1140 3465 1290 3529 annulum
1314 3485 1406 3530 suum

151 3575 154 3684 1
280 3576 323 3622 no
335 3557 483 3621 traderet:
513 3559 543 3619 et
565 3573 740 3620 convocans
767 3555 872 3632 liliam,
904 3554 1019 3618 dictum
1042 3554 1193 3618 annulum
1225 3554 1253 3618 ei
1276 3554 1407 3632 tradidit,

336 3651 365 3710 et
388 3650 532 3711 mortuus
554 3650 611 3724 est;
642 3645 729 3725 quod
752 3645 881 3708 scientes
904 3643 1081 3709 consimiles
1110 3643 1244 3707 annulos
1266 3643 1325 3707 alie
1347 3643 1406 3707 sibi

335 3736 403 3800 lieri
438 3735 585 3799 iecerunt
636 3734 719 3799 cum
753 3737 854 3797 autem
886 3751 990 3797 coram
1023 3732 1126 3813 judice
1155 3737 1235 3796 esset
1267 3737 1406 3814 apertum

335 3829 560 3901 testamentum,
592 3822 729 3904 quelibet
757 3822 891 3887 ostendit
919 3822 1071 3885 annulum
1100 3839 1192 3885 suum
1223 3825 1252 3884 et
1280 3840 1314 3885 se
1341 3838 1408 3885 esse

337 3914 504 3995 legitimam
529 3912 613 3976 dixit
648 3913 748 3993 Judex
762 3916 863 3975 autem
879 3912 1003 3992 sapiens
1017 3910 1150 3975 annulos
1173 3909 1271 3974 dictos
1294 3910 1408 3973 exami-

283 4021 324 4067 na
339 4004 403 4067 nari
436 4002 507 4065 lecit
535 4002 566 4065 in
598 4002 708 4065 virtute
738 4019 896 4078 curamm;
931 4018 1001 4064 cum
1032 4004 1133 4063 autem
1164 4000 1196 4062 in
1225 3998 1293 4062 aliis
1324 3999 1408 4063 nulla

336 4093 434 4156 virtus
457 4091 646 4155 inveniretur
668 4090 798 4171 penitus,
822 4090 989 4169 illamque
1011 4088 1119 4154 habuit
1140 4088 1290 4151 annulum
1314 4088 1408 4151 virtu·

336 4199 428 4246 osum
453 4179 619 4261 legitimam
642 4179 795 4260 iudicavit,
819 4183 848 4242 et
862 4179 1059 4242 hereditatem
1075 4179 1103 4241 ei
1120 4181 1276 4259 paternam
1292 4176 1408 4241 haben-

336 4271 409 4334 dam
432 4269 626 4351 adjudicavit
650 4272 680 4333 et
700 4268 774 4332 alias
798 4268 972 4348 illegitimas
994 4267 1186 4349 reputandas.

363 4388 480 4441 Ulricb,
501 4388 641 4434 Lateinisctve
653 4387 790 4434 Novellistilt
802 4387 842 4433 dee
857 4387 1007 4434 mittelalters.
1249 4392 1281 4441 13
