3525 5025
719 512 965 570 -183-

246 704 290 751 aas
306 691 342 750 nt
364 704 474 750 eorum
505 684 621 748 meritis
645 683 805 764 juvaretur
827 653 862 748 et
879 662 1070 761 liberaretur;
1101 688 1130 747 et
1156 683 1260 746 audivi
1290 686 1376 766 quod

303 775 407 839 dictus
430 775 529 839 homo
552 790 713 854 nunquam
737 773 843 855 potuit.
852 774 892 836 ab
908 773 962 836 illo
979 774 1097 836 bufone
1120 773 1241 836 liberari
1265 789 1378 855 usque-

304 883 370 945 quo
410 863 624 928 transfretavit:
662 881 733 926 cum
770 867 872 926 autem
909 863 1033 925 intraret
1063 862 1188 926 Terram
1227 861 1377 942 Sanctam,
1472 924 1480 940 ,

304 954 407 1018 dictus
429 953 508 1016 bulo
523 953 629 1027 divina
644 951 754 1016 virtute
776 953 816 1015 ab
839 969 878 1016 eo
902 951 1010 1015 cecidit
1031 955 1061 1015 et
1083 951 1207 1032 crepuit.
1243 951 1376 1016 Causam

303 1046 407 1106 autem
441 1042 591 1108 referebat
621 1040 722 1104 dictus
752 1041 858 1119 homo,
890 1044 925 1103 ut
950 1040 1054 1104 audivi
1082 1059 1100 1102 a
1127 1039 1270 1121 pluribus
1293 1045 1323 1104 et
1345 1041 1376 1104 in

250 1150 291 1196 aa
306 1131 452 1213 pluribus
474 1131 559 1209 locis,
587 1131 667 1210 quia,
691 1147 762 1193 cum
778 1134 894 1211 patrem
912 1129 1038 1193 haberet
1058 1129 1113 1210 qui
1137 1130 1267 1192 multum
1292 1130 1377 1195 labo

305 1225 425 1284 raverat
454 1219 492 1282 ad
524 1237 596 1282 eum
626 1218 789 1282 ditandum
812 1222 843 1282 et
864 1218 988 1298 egregie
1012 1218 1226 1296 maritandum,
1249 1219 1320 1282 cum
1344 1237 1378 1283 se

304 1309 507 1390 exspoliasset
528 1309 622 1373 bonis
644 1309 709 1372 suis
730 1313 760 1371 et
775 1307 803 1371 ei
820 1312 905 1388 pater
920 1306 1019 1371 dictus
1041 1306 1222 1385 tradidisset,
1246 1309 1377 1372 consilio

304 1399 422 1477 uxoris,
453 1397 555 1461 emisit
576 1401 691 1478 patrem
722 1397 763 1460 de
785 1396 884 1460 domo
907 1413 962 1460 sua
984 1415 1003 1460 a
1025 1414 1067 1460 se.
1113 1396 1195 1460 Cum
1219 1401 1320 1460 autem
1345 1398 1376 1460 in

305 1487 445 1568 quodam
469 1486 521 1550 die
545 1491 679 1568 parasset
692 1485 751 1550 sibi
769 1490 798 1548 et
812 1485 903 1549 uxori
926 1503 982 1549 sue
1005 1486 1154 1565 pinguem
1178 1503 1328 1566 caponem
1349 1491 1378 1550 et

252 1595 292 1641 aon
305 1577 427 1640 sederet
450 1576 482 1638 in
505 1592 620 1654 mensa,
648 1574 863 1656 paterfamilias
887 1575 1019 1655 pulsavit
1040 1575 1079 1637 ad
1103 1575 1247 1638 hostium.
1293 1574 1376 1639 Cum

303 1670 408 1729 autern
444 1665 568 1728 intraret
601 1683 658 1728 nec
692 1668 797 1745 posset
830 1663 857 1726 ei
893 1681 1005 1744 negare
1040 1664 1208 1742 introitum,
1246 1664 1377 1729 consilio

303 1755 413 1818 uxoris
435 1771 499 1832 sue,
523 1771 673 1834 caponem
696 1752 812 1817 dictum
829 1753 860 1815 in
882 1755 974 1816 archa
997 1753 1101 1834 posuit
1123 1758 1152 1816 et
1175 1753 1314 1832 contexit,
1338 1770 1377 1817 ne

303 1849 390 1924 pater
413 1843 488 1906 inde
503 1842 685 1907 comederet
720 1841 802 1906 Cum
819 1846 921 1905 autem
938 1846 1023 1922 pater
1037 1841 1077 1905 de
1093 1840 1190 1905 domo
1207 1843 1377 1907 recessisset

303 1932 483 2010 famelicus,
509 1932 593 1995 lilius
623 1932 677 1994 ivit
706 1931 744 1994 ad
776 1932 908 2009 archam,
944 1935 977 1994 ut
1011 1949 1161 2012 caponem
1196 1936 1316 2013 caperet
1348 1936 1379 1996 et

253 2040 291 2086 a1o
304 2020 491 2085 comederet
529 2020 612 2084 Cum
632 2025 744 2083 autem·
757 2020 880 2083 archam
896 2019 1034 2100 aperiret,
1059 2020 1175 2084 invenit
1198 2021 1229 2083 in
1253 2021 1377 2084 scutella

304 2111 458 2175 hutonem
482 2110 672 2188 horribilem,
701 2110 763 2190 qui,
785 2109 900 2173 saltans
924 2109 954 2172 in
979 2109 1046 2189 eius
1068 2109 1184 2187 taciem,
1208 2127 1279 2172 eum
1303 2110 1377 2172 arri-

304 2201 380 2282 puit,
403 2203 555 2280 utsupra
577 2198 693 2262 didum
716 2203 773 2262 est:
802 2217 859 2262 nec
881 2202 1000 2279 poterat
1021 2198 1099 2262 alico
1122 2198 1253 2262 consilio
1275 2200 1315 2262 ab
1338 2216 1377 2262 eo

305 2289 444 2366 liberari,
479 2289 538 2351 nisi
573 2283 607 2350 ut
640 2288 848 2368 supradictum
884 2291 938 2352 est
998 2289 1034 2350 Et
1061 2287 1166 2350 audivi
1199 2288 1285 2368 quod
1317 2288 1378 2350 hoc

304 2377 416 2442 accidit
437 2377 520 2458 apud
544 2376 681 2454 Chinon,
712 2377 799 2456 quod
823 2381 868 2440 est
895 2380 1026 2440 castrum
1051 2377 1170 2457 regium
1196 2377 1226 2439 in
1251 2376 1376 2458 dyocesi

255 2485 292 2532 au
305 2466 491 2532 Turonensi.
932 2483 934 2488 ·

680 2616 728 2673 rs.
775 2604 885 2694 [=-S.
913 2610 995 2691 las]

393 2733 507 2797 Audivi
530 2752 549 2797 a
571 2731 697 2798 duobus
720 2733 871 2812 iratribus,
895 2752 913 2797 a
935 2734 1026 2798 tratre
1049 2735 1103 2816 qui
1127 2736 1188 2798 hoc
1209 2753 1243 2798 se
1266 2734 1376 2814 legisse

304 2823 466 2901 asserebat,
497 2822 591 2903 quod,
620 2841 691 2886 cum
715 2840 795 2885 uxor
817 2823 978 2903 cujusdam
1009 2824 1130 2888 comitis
1153 2825 1240 2905 prole
1263 2828 1377 2887 careret

304 2918 334 2977 et
349 2911 524 2977 Dominum
542 2911 674 2975 multum
691 2917 827 2992 rogasset
846 2931 905 2993 pro
921 2932 956 2976 ea
972 2913 1149 2995 optinenda,
1174 2912 1376 2977 necdaretur

306 3003 341 3081 ei,
364 3002 405 3066 ad
428 3002 571 3064 ultimum
595 3000 737 3082 promisit
759 3002 895 3082 dyabolo
911 3003 997 3082 quod
1018 3020 1084 3065 eam
1102 3002 1129 3065 ei
1152 3002 1237 3065 daret
1258 3002 1284 3065 si
1308 3021 1374 3065 eam

258 3105 293 3152 aaa
307 3092 333 3155 ei
357 3094 548 3171 procuraret,
572 3090 658 3170 quod
681 3094 711 3153 et
732 3090 809 3154 tecit
848 3090 921 3165 Que
936 3092 1076 3172 concepit
1090 3096 1120 3155 et
1134 3092 1252 3173 peperit
1266 3091 1375 3169 lilium,

306 3198 397 3261 quem
423 3178 608 3260 baptizatum
632 3179 752 3244 vocavit
776 3179 959 3259 Robertum;
984 3181 1046 3260 qui,
1070 3199 1140 3244 cum
1157 3185 1302 3244 cresceret
1321 3200 1376 3262 per

261 3341 264 3345 ,
306 3266 485 3350 processum
516 3270 673 3349 temporis,
701 3269 855 3353 crescebat
879 3270 999 3333 malicia
1029 3270 1099 3351 plus
1122 3274 1151 3333 et
1178 3270 1249 3349 plus
1272 3270 1303 3333 in
1327 3288 1375 3349 eo,

305 3360 344 3421 ita
366 3358 471 3439 primo
502 3358 589 3438 quod
619 3376 768 3421 mammas
798 3358 951 3422 nutricum
984 3359 1152 3437 mordebat,
1184 3364 1254 3439 post
1276 3360 1376 3438 major

305 3448 382 3512 alios
421 3446 631 3528 percutiebat,
675 3452 744 3527 post
787 3466 880 3527 quem
920 3448 1098 3511 occurrebat
1135 3448 1310 3511 destruebat
1346 3453 1375 3511 et

256 3548 292 3596 aas
306 3537 451 3618 rapiebat,
474 3540 545 3616 post
566 3536 701 3615 virgines
724 3536 860 3616 rapiebat
882 3541 912 3599 et
933 3536 1104 3601 deflorabat
1133 3542 1162 3600 et
1189 3538 1374 3617 conjugatas,

305 3626 449 3690 homines
472 3625 611 3705 capiebat
633 3628 663 3686 et
684 3626 854 3703 occidebat,
878 3630 1002 3705 etcum,
1027 3625 1212 3706 procedente
1227 3630 1374 3706 tempore,

304 3718 451 3779 cresceret
473 3714 505 3776 in
528 3713 666 3793 flagiciis,
690 3714 786 3777 tactus
810 3714 906 3792 miles,
930 3715 965 3778 iit
988 3716 1086 3795 magis
1107 3716 1259 3779 scelestus.
1291 3714 1373 3778 Cum

304 3802 474 3884 aliquando
498 3807 593 3866 mater
614 3821 671 3866 sua
691 3804 717 3865 ei
742 3804 874 3882 dixisset,
890 3808 1052 3867 commota
1074 3803 1114 3867 ad
1138 3804 1278 3884 querelas
1300 3822 1374 3867 con-

306 3892 507 3973 querencium
531 3891 571 3955 de
594 3909 640 3970 eo,
664 3892 751 3971 quod
776 3910 833 3972 pro
857 3893 955 3956 nihilo
979 3894 1058 3956 circa
1080 3911 1151 3956 eum
1176 3893 1373 3970 laboraretur,

256 3995 292 4040 aaa
306 3982 378 4062 quia
410 3982 568 4044 constabat
602 3981 630 4043 ei
663 3981 749 4060 quod
780 3999 845 4043 non
876 3982 987 4045 iaceret
1022 3983 1079 4045 nisi
1115 3982 1239 4058 malum,
1275 3981 1372 4061 ipsam
1448 4014 1451 4023 .

306 4071 424 4152 impetit
446 4074 579 4133 extracto
602 4069 716 4149 gladio,
740 4070 846 4133 dicens
862 4071 949 4151 quod
973 4076 1025 4133 aut
1048 4090 1114 4134 eam
1139 4070 1298 4147 occideret,
1321 4074 1374 4133 aut

306 4161 332 4221 ei
354 4159 470 4223 diceret
492 4176 547 4221 cur
570 4159 631 4222 hoc
653 4159 680 4221 ei
705 4159 828 4237 dixerat,
859 4165 888 4222 et
911 4178 965 4222 cur
988 4165 1066 4223 esset
1089 4162 1128 4223 ita
1152 4160 1258 4222 malus.
1306 4160 1374 4239 lpsa

307 4254 419 4326 autem,
457 4247 568 4311 timore
603 4249 771 4329 perterrita,
807 4248 898 4311 relert
913 4247 916 4252 ’
932 4250 1095 4329 quomodo
1130 4267 1201 4312 eum
1236 4248 1374 4330 dyabolo
