3525 5025
673 529 916 587 -137-

268 705 326 763 tam
347 719 440 765 ausus
466 700 558 778 fuisti,
589 700 675 781 quod
699 705 727 764 te
758 701 973 780 imperatorem
998 702 1171 781 nominasti,
1203 703 1246 768 do
1269 722 1328 785 pro

223 807 258 852 ns
271 790 387 868 indicio,
411 794 445 853 ut
466 789 505 853 ad
529 790 641 853 caudas
663 790 736 870 equi
759 789 853 854 hodie
867 792 910 854 sis
933 795 1051 855 tractus.
1088 792 1163 855 Etsi
1178 792 1328 857 ammodo

270 877 333 941 talia
354 878 449 943 audes
471 878 632 957 affirmare,
663 878 839 959 turpissima
869 883 968 944 morte
995 884 1024 943 te
1051 880 1325 962 condempnabol·

269 968 390 1031 Vomuit
422 967 571 1044 satellites,
605 968 740 1049 precepit
772 968 825 1044 eis,
859 972 892 1031 vt
921 986 992 1031 eum
1024 969 1063 1032 ad
1095 969 1222 1033 caudam
1255 971 1327 1053 equi

269 1057 422 1135 traherent,
446 1057 485 1119 ita
507 1061 617 1134 tamen,
646 1057 732 1137 quod
756 1075 820 1120 non
845 1057 1042 1121 occideretur.
1091 1060 1127 1121 Et
1147 1058 1192 1123 sic
1214 1059 1326 1123 factum

270 1150 317 1207 est.
360 1145 435 1209 Post
465 1145 522 1209 hec
550 1163 624 1210 vero
655 1145 738 1224 vltra,
769 1164 862 1226 quam
894 1146 976 1210 credi
1007 1151 1113 1228 potest,
1144 1147 1270 1212 dolebat
1299 1153 1328 1213 et

225 1252 259 1298 no
272 1236 351 1314 quasi
373 1235 553 1315 desperatus
579 1234 619 1298 de
641 1252 674 1299 se
704 1235 773 1316 ipso
795 1235 837 1298 ait
859 1236 938 1299 intra
959 1254 1006 1299 se:
1042 1237 1167 1301 „Pereat
1189 1238 1263 1315 dies,
1295 1239 1326 1301 in

222 1341 224 1346 ·
271 1341 327 1403 qua
348 1329 436 1387 natus
459 1325 543 1387 snm!
589 1325 690 1387 Arne
716 1324 806 1388 amici
834 1325 894 1388 mei
924 1331 1123 1403 recesserunt:
1155 1344 1233 1390 vxor
1260 1345 1328 1390 mea

271 1431 321 1476 nec
351 1412 407 1476 filii
442 1417 598 1476 nonerunt
632 1428 708 1476 me.u
765 1414 850 1476 Dum
884 1414 940 1477 hec
969 1414 1101 1492 dixisset,
1139 1415 1327 1497 [cogitabatl:

271 1502 346 1566 „liic
367 1520 466 1583 prope
501 1506 602 1565 manet
631 1502 784 1579 heremita,
822 1502 982 1567 confessor
1006 1521 1101 1567 meus.
1146 1504 1263 1568 Vadam
1287 1504 1325 1568 ad

271 1608 346 1673 eum;
369 1591 449 1655 forte
470 1591 537 1671 ipse
559 1591 702 1655 noticiam
720 1592 779 1655 mei
796 1591 928 1670 habebit,
952 1592 1024 1673 quia
1040 1592 1144 1674 sepius
1160 1593 1327 1658 confessio·

228 1697 261 1742 sn
273 1697 334 1742 nem
351 1699 450 1743 meam
467 1680 613 1743 audiuita
652 1679 787 1744 Perrexit
807 1681 847 1743 ad
871 1681 1048 1745 heremitam
1065 1682 1147 1745 etad
1164 1682 1325 1746 fenestram

271 1769 337 1833 celle
366 1788 422 1833 sue
452 1769 594 1850 pulsauit.
644 1770 683 1833 nt
713 1770 776 1833 ille:
811 1769 911 1843 „Quis
943 1776 994 1849 est,
1026 1771 1079 1850 qui
1111 1771 1153 1834 ibi
1183 1771 1324 1852 pulsatit

271 1856 327 1931 Qui
349 1858 437 1922 dixit:
473 1859 560 1939 „ligo
587 1876 656 1922 sum
682 1859 860 1923 louinianus
891 1860 1065 1940 imperator.
1111 1860 1204 1941 Aperi
1234 1860 1326 1924 michi

270 1946 432 2025 fenestram,
461 1951 494 2010 vt
523 1948 634 2029 loquar
662 1950 798 2012 tecnmt⁶
848 1949 901 2011 llle
930 1966 1004 2012 vero
1027 1966 1098 2012 cum
1128 1967 1236 2013 vocem
1261 1950 1327 2014 eius

270 2036 403 2115 audisset,
426 2037 545 2117 apernit
559 2036 730 2115 fenestram,
754 2042 783 2100 et
801 2055 871 2101 cum
888 2056 959 2101 enm
984 2037 1116 2115 vidisset,
1140 2038 1239 2103 statim
1255 2056 1325 2102 cum

176 2153 177 2156 ¹
230 2124 378 2205 nnimpetu
402 2126 564 2190 fenestram
588 2126 695 2190 clausit
717 2130 746 2189 et
767 2127 821 2189 ait:
854 2127 1007 2191 „Discede
1030 2145 1047 2189 a
1071 2145 1128 2205 me,
1153 2127 1325 2192 maledicte!

271 2213 311 2276 Tu
338 2232 402 2277 non
430 2232 463 2278 es
494 2215 665 2296 imperator,
698 2216 753 2279 sed
785 2215 938 2297 dyabolus
967 2216 998 2278 in
1029 2216 1129 2296 specie
1160 2216 1323 2281 hominis.u

271 2303 316 2365 lile
337 2304 394 2367 hec
415 2304 545 2368 audiens
567 2304 606 2367 ad
630 2309 740 2368 terram
764 2324 818 2385 pre
836 2304 946 2369 dolore
962 2305 1076 2383 cecidit,
1099 2305 1199 2369 crines
1222 2306 1328 2387 capitis

175 2449 177 2468 ,
269 2394 348 2455 traxit
370 2398 400 2456 et
429 2393 524 2457 barbe
547 2398 575 2456 et
606 2393 841 2457 lamentationes
870 2412 968 2475 vsque
999 2392 1038 2457 ad
1069 2394 1167 2457 celum
1192 2393 1276 2458 dedit
1299 2400 1328 2459 et

175 2485 178 2565 i
270 2480 348 2546 dixit:
382 2483 474 2550 „lien
498 2482 600 2562 michi,
631 2482 706 2564 qnid
731 2483 861 2547 faciam?
908 2484 979 2548 lieu
1007 2484 1102 2564 egol¹¹
1152 2484 1222 2549 Hoc
1244 2483 1327 2549 dicto

176 2570 178 2637 Ι
228 2572 439 2636 mremrdams
461 2577 513 2650 est,
541 2573 703 2653 quomodo
725 2591 785 2636 vna
809 2578 897 2636 nocte
921 2574 952 2636 in
976 2578 1069 2637 stratu
1092 2591 1151 2636 suo
1174 2573 1325 2638 eleuatum

176 2700 177 2705 κ
270 2664 309 2723 est
329 2680 383 2725 cor
405 2662 471 2726 eius
495 2666 524 2725 et
546 2662 633 2725 dixit:
660 2663 773 2728 „Estne
794 2662 870 2725 alter
892 2662 970 2726 deus
993 2680 1085 2742 qnam
1110 2663 1212 2742 ego?‘¹
1255 2663 1326 2726 Pul-

176 2748 178 2833 i
270 2751 339 2813 sauit
372 2751 482 2814 iterum
514 2751 573 2830 (Βὶ.
605 2751 692 2831 osv.)
722 2750 761 2814 ad
797 2752 960 2815 fenestram
995 2751 1142 2815 heremite
1175 2756 1205 2815 et
1238 2752 1325 2816 dixit:

177 2894 178 2897 ,
273 2838 398 2904 »hmore
427 2840 518 2917 illius,
548 2839 601 2920 qui
633 2839 779 2921 pependit
806 2841 837 2902 in
868 2859 966 2919 cruce,
997 2841 1069 2904 andi
1100 2841 1325 2905 confessionem

177 2922 178 2992 l
272 2930 377 2991 meam!
416 2928 538 3007 Saltem,
561 2930 586 2993 si
609 2930 691 2994 nolis
711 2929 872 2993 fenestram
893 2931 1019 3010 aperire,
1043 2929 1158 3010 clanlsa
1179 2929 1327 3010 anld[i]as

232 3019 371 3095 nahmen,
402 3036 568 3099 quousque
590 3019 736 3082 linierol¹⁴
784 3019 824 3082 ht
846 3018 909 3082 ille:
948 3019 1062 3084 „michi
1093 3019 1172 3082 bene
1200 3019 1324 3099 placetu

178 3153 179 3160 κ
272 3104 350 3170 Tunc
371 3107 411 3170 de
433 3112 495 3171 tota
517 3108 577 3171 vita
599 3125 655 3171 sua
677 3111 722 3171 est
744 3109 912 3181 confessus,
936 3113 965 3171 et
987 3108 1140 3189 precipue,
1164 3108 1326 3186 quomodo

178 3197 179 3244 ἶ
273 3209 300 3256 se
319 3201 421 3259 contra
444 3196 538 3259 deum
567 3197 710 3260 erexisset
732 3197 845 3274 dicens,
876 3196 962 3277 quod
987 3215 1050 3260 non
1074 3195 1209 3260 crederet
1230 3197 1325 3259 alium

273 3282 353 3348 deum
370 3303 545 3366 essequam
562 3303 595 3349 se
612 3286 722 3366 ipsum.
756 3286 842 3348 Facta
857 3286 1053 3350 confessione
1076 3289 1105 3348 et
1126 3286 1327 3349 absolucione

273 3371 405 3437 heremita
429 3375 591 3438 fenestram
618 3375 738 3456 aperuit
760 3379 788 3438 ct
810 3375 909 3437 statim
940 3375 1083 3438 noticiam
1107 3374 1174 3437 eius
1197 3374 1327 3439 habebat

234 3465 298 3522 met
321 3464 372 3526 ait:
406 3463 609 3528 „Benedictus
638 3464 816 3527 altissimus!
876 3464 937 3526 lam
968 3464 1110 3527 noticiam
1142 3464 1185 3526 tui
1217 3463 1326 3527 habeo.

275 3548 377 3616 Paucas
399 3557 499 3617 vestes
522 3553 571 3616 hic
594 3553 707 3630 habeo:
731 3553 790 3617 cito
814 3553 952 3615 inducte
974 3553 1055 3616 etad
1072 3552 1222 3633 palacium
1239 3557 1325 3615 tuum

273 3644 367 3721 perge!
408 3643 452 3707 Ut
467 3659 567 3722 spero,
591 3660 701 3707 omnes
717 3641 859 3705 noticiam
876 3642 920 3704 tui
937 3642 1122 3706 habebunt.“
1161 3642 1327 3721 imperator

273 3727 360 3795 induit
388 3749 422 3794 se
453 3735 482 3794 et
511 3731 551 3793 ad
581 3731 730 3811 palacium
762 3731 901 3810 perrexit.
951 3732 999 3793 Ad
1032 3732 1153 3793 ianuam
1186 3730 1326 3811 pulsauit.

273 3816 372 3884 ianitor
395 3820 531 3884 hostium
561 3819 702 3900 apperuit
723 3824 753 3882 et
779 3838 850 3882 eum
880 3820 952 3883 satis
983 3820 1154 3884 honorifice
1177 3819 1326 3882 salutauit.

234 3917 263 3964 nn
274 3906 305 3970 ht
325 3909 384 3973 ille:
412 3909 594 3989 „Numquid
611 3909 754 3972 noticiam
771 3909 829 3971 mei
847 3908 1006 3972 habetis?¹·
1045 3909 1108 3983 Qui
1124 3909 1176 3971 ait:
1203 3907 1325 3973 „liciam

273 3995 395 4076 domine,
419 3999 599 4079 peroptime.
634 3997 695 4062 Sed
712 3999 815 4072 miror,
839 3998 926 4077 qnod
950 4003 1011 4061 tota
1034 3998 1084 4060 die
1108 3997 1157 4060 hic
1180 3997 1246 4061 steti
1270 4015 1326 4059 nec

272 4085 325 4148 vidi
346 4107 402 4152 vos
426 4087 536 4151 exire.u
585 4088 638 4150 lile
665 4105 739 4150 vero
768 4086 869 4149 aulam
901 4087 1031 4163 intrauit,
1062 4091 1091 4150 et
1118 4105 1187 4149 ecce
1217 4103 1326 4150 omnes

183 4204 188 4225 ·
273 4176 355 4256 capita
379 4176 575 4241 inclinabant.
622 4176 682 4240 Sed
710 4176 789 4239 alins
816 4176 982 4257 imperator
1012 4181 1075 4239 erat
1104 4193 1174 4238 cum
1199 4174 1326 4238 domina

273 4262 298 4326 in
317 4284 442 4330 camera
485 4265 622 4340 Quidam
646 4270 747 4329 autem
772 4265 860 4328 miles
882 4265 922 4328 de
945 4283 1065 4328 camera
1087 4263 1181 4328 exinit
1203 4270 1232 4327 et
1254 4281 1325 4326 eum
