3525 5025
879 500 1097 559 ..90-

456 672 592 737 debeol·
640 672 712 747 Que
733 672 786 737 ait:
820 672 889 738 ‚De
912 673 973 737 hoc
1003 672 1185 754 prouidebo,
1217 674 1343 753 quando
1367 674 1462 737 locum
1481 674 1505 732 et

456 766 579 843 tempus
600 762 714 825 habere
736 765 853 843 potero,
875 767 906 825 et
927 768 1001 826 tunc
1023 780 1077 827 ore
1098 762 1137 825 ad
1159 779 1195 826 os
1218 763 1273 827 tibi
1298 760 1503 827 denunciabo.“

458 850 548 915 Miles
562 855 724 915 contentus
746 855 792 914 est
813 850 853 913 de
868 851 1084 932 promissione.
1118 851 1192 915 Vale
1207 851 1235 915 ei
1252 852 1329 930 iecit,
1352 850 1391 915 ad
1406 849 1506 913 curiam

457 938 649 1020 imperatoris
672 939 810 1020 perrexit.
857 939 917 1003 Die
945 958 1019 1004 vero
1046 942 1182 1005 secunda
1211 940 1359 1004 solarium
1389 936 1509 1003 ascendit

401 1046 444 1095 m
458 1034 487 1093 ei
509 1027 639 1092 dulciter
667 1032 787 1093 canore
812 1028 958 1109 [inlcepii
1004 1030 1032 1092 Α
1059 1048 1130 1093 casu
1163 1030 1341 1110 supervenit
1369 1025 1509 1093 secundus

459 1116 547 1181 miles
568 1117 608 1181 de
630 1118 715 1181 curia
743 1117 943 1199 imperatoris,
975 1124 1100 1182 etcum
1132 1120 1199 1183 eius
1228 1123 1351 1182 cantum
1382 1116 1510 1189 audisset

457 1206 588 1287 πρωί.
608 1207 762 1285 164nltus
784 1212 829 1269 est
851 1207 883 1269 in
907 1226 1012 1272 amore
1034 1209 1101 1271 eius
1122 1208 1204 1271 etde
1219 1226 1326 1271 amore
1348 1206 1511 1271 inordinato

456 1295 556 1359 statim
580 1296 607 1357 ei
636 1295 820 1376 loquebatur
846 1300 876 1359 ei
899 1296 986 1360 dixit:
1028 1297 1222 1375 „Karissima
1260 1297 1337 1377 quid
1367 1295 1421 1360 tibi
1449 1293 1512 1355 dare

456 1384 558 1448 debeo
580 1384 619 1448 ad
648 1385 715 1463 hoc,
746 1389 778 1447 vt
807 1403 868 1448 vna
898 1390 986 1449 nocie
1017 1390 1116 1449 tecum
1148 1385 1344 1450 dormiam?⁴⁴
1392 1385 1431 1448 At
1457 1381 1511 1444 illa:

401 1490 445 1541 eto
462 1473 614 1538 ‚Centum
644 1473 783 1538 florenos
812 1479 842 1537 et
868 1492 931 1538 non
961 1475 1093 1539 minus«
1143 1475 1207 1550 Qui
1238 1476 1336 1538 stetim
1368 1470 1512 1545 concessit

457 1560 512 1627 sed
540 1562 668 1643 quando
691 1562 795 1627 venire
825 1564 957 1641 deberet,
989 1568 1022 1626 ui
1052 1564 1240 1629 uoluntatem
1272 1581 1360 1627 suam
1391 1579 1459 1626 cum
1484 1575 1513 1620 ea

458 1650 605 1731 impleret,
629 1651 791 1732 diligenter
813 1653 955 1733 quesiuit
997 1653 1036 1716 nt
1059 1654 1121 1716 illa:
1149 1654 1218 1718 „De
1240 1662 1380 1733 tempore
1402 1653 1470 1732 apto
1490 1650 1514 1708 et

458 1740 527 1803 loco
550 1746 674 1817 secreto,
698 1741 738 1804 de
762 1742 822 1805 hoc
848 1740 1032 1822 prouidebo.
1063 1742 1148 1805 Vade
1171 1742 1210 1805 ad
1235 1741 1400 1822 [domum],
1424 1756 1460 1803 ne
1479 1735 1512 1797 ab

458 1829 639 1893 bominibus
669 1829 828 1893 videarisr
885 1831 936 1893 Ille
967 1850 1041 1895 vero
1072 1832 1138 1895 vale
1167 1831 1194 1893 ei
1225 1832 1308 1908 iecit,
1338 1832 1378 1893 ad
1409 1826 1512 1892 curiam

402 1938 444 1987 eoo
459 1916 652 1998 imperatoris
675 1919 814 1999 perrexit
848 1920 955 1984 Tereia
977 1938 1052 1983 vero
1068 1920 1119 1983 die
1141 1920 1233 1984 simili
1258 1920 1355 1984 modo
1378 1916 1512 1983 solarium

457 2007 601 2085 ascendit,
625 2008 754 2071 dulciter
769 2014 888 2072 cantare
911 2009 1031 2089 incepit.
1067 2011 1139 2072 Hoc
1160 2009 1289 2072 audiens
1312 2009 1423 2072 tercius
1437 2003 1513 2068 miles

457 2097 497 2159 de
519 2098 603 2159 curia
626 2096 824 2177 imperatoris,
849 2098 903 2177 qui
925 2097 1035 2162 eodem
1060 2098 1111 2161 die
1133 2099 1292 2161 transitum
1318 2116 1373 2178 per
1395 2092 1511 2161 eandem

457 2185 537 2248 viam
561 2185 632 2248 iecit
647 2204 665 2248 a
679 2204 760 2263 casu,
785 2186 968 2266 ultraquam
986 2188 1068 2251 credi
1085 2190 1191 2268 potest
1216 2188 1243 2250 ei
1259 2186 1421 2250 videbatur
1435 2178 1512 2253 mori,

457 2274 515 2337 nisi
540 2274 626 2354 prius
648 2294 718 2337 cum
751 2293 786 2337 ea
818 2275 1002 2355 loqueretur.
1049 2276 1131 2340 Cum
1159 2294 1234 2340 vero
1266 2276 1387 2339 loeutus
1413 2276 1462 2349 est
1490 2266 1511 2329 ei

403 2382 445 2429 eos
458 2362 513 2425 ait:
548 2363 742 2440 „Karissima
773 2369 907 2428 nonest
933 2366 964 2427 in
993 2366 1112 2428 mundo
1134 2369 1279 2442 creatura,
1310 2382 1403 2444 quam
1427 2356 1513 2437 magis

459 2450 585 2532 diligo.u
612 2522 617 2533 ,
641 2453 680 2517 m
714 2452 778 2518 illa:
817 2454 932 2520 „michi
968 2454 1047 2518 bene
1079 2454 1183 2535 placet.
1237 2453 1298 2519 Sed
1330 2453 1407 2536 quid
1436 2446 1513 2514 dabis

457 2542 559 2619 michi,
583 2548 615 2605 vt
637 2543 692 2606 tibi
716 2544 882 2607 concedam
900 2544 1087 2607 voluntatem
1111 2545 1237 2607 tuam?u
1275 2544 1314 2606 At
1330 2544 1393 2607 ille:
1419 2534 1512 2615 „Quid

458 2630 561 2711 queris
583 2649 641 2712 pro
658 2637 746 2696 nocte
762 2634 863 2696 vna?¹‘
901 2632 973 2707 Que
989 2632 1159 2713 respondit:
1187 2633 1340 2699 „Centum
1358 2633 1510 2698 florenosl

458 2719 523 2795 Qui
552 2720 605 2784 aii:
640 2721 802 2786 „Libenter
832 2723 887 2785 tibi
919 2723 1009 2785 dabo.
1056 2722 1116 2786 Sed
1147 2721 1198 2786 dic
1229 2722 1332 2799 michi,
1362 2714 1512 2802 quomodo

403 2829 445 2876 ero
460 2813 559 2872 tecum
577 2814 684 2890 potero
700 2810 871 2874 dormire!a
905 2812 943 2872 m
959 2812 1021 2874 illa:
1048 2811 1248 2877 „Prouidebo
1271 2815 1394 2892 tempus
1410 2813 1512 2891 aptum.

459 2898 586 2979 quando
609 2898 666 2961 erit
688 2900 781 2963 nobis
795 2901 867 2963 vtile
889 2901 956 2963 sine
979 2900 1162 2982 suspicione,
1187 2904 1216 2962 et
1239 2901 1299 2964 hoc
1323 2901 1354 2962 in
1378 2897 1469 2974 breui,
1490 2895 1513 2954 el
1575 2885 1576 2922 ¹

459 2986 530 3050 iunc
553 2988 608 3050 tibi
632 2989 780 3051 nuncium
805 2989 929 3066 mittam,
958 2991 1004 3052 vei
1030 3008 1083 3053 ore
1106 2989 1144 3052 ad
1169 3008 1205 3053 os
1231 2990 1287 3053 tibi
1311 2989 1439 3053 diana
1482 2982 1514 3044 Al

458 3075 521 3140 ille:
549 3077 743 3158 „Peropiime
767 3078 859 3141 michi
883 3078 980 3159 placet
1003 3079 1164 3158 responsio
1187 3084 1267 3141 tua.u
1308 3079 1382 3141 Vale
1405 3077 1430 3141 ei
1447 3071 1512 3145 iecit,

457 3165 496 3228 ad
520 3166 634 3229 curiam
660 3166 851 3246 imperatoris
868 3168 1006 3248 perrexit.
1047 3169 1095 3232 lsti
1120 3170 1175 3232 ill.
1200 3167 1310 3230 miliies
1333 3168 1378 3231 sic
1399 3163 1514 3230 domine

403 3271 445 3320 eru
461 3254 673 3335 loquebantur,
690 3255 775 3335 quod
793 3256 897 3319 nullus
913 3256 952 3319 de
968 3257 1085 3336 privato
1101 3256 1224 3319 alterius
1239 3257 1361 3320 sciebat.
1391 3251 1514 3318 Domina

458 3363 540 3423 vero,
576 3345 666 3426 plena
696 3346 811 3408 cautela
842 3350 872 3408 ei
902 3346 1032 3423 malicia,
1068 3347 1151 3409 venit
1180 3346 1219 3408 ad
1250 3346 1393 3408 maritum
1423 3355 1513 3412 suum,

458 3450 562 3497 senem
580 3435 715 3512 militem,
740 3440 768 3498 et
787 3435 839 3498 aii:
866 3435 1032 3512 „Domine
1057 3435 1157 3498 habeo
1179 3434 1233 3497 tibi
1250 3438 1400 3497 secretum
1415 3433 1514 3503 dicere,
1574 3493 1575 3502 ,

458 3526 487 3586 et
502 3523 528 3586 si
544 3523 714 3586 secundum
739 3525 901 3588 consilium
920 3543 1022 3587 meum
1047 3524 1162 3601 leceris,
1185 3523 1224 3586 ad
1249 3541 1377 3603 magnas
1399 3519 1515 3586 dinicias
1574 3529 1575 3606 l

459 3616 620 3692 promotus
647 3613 719 3691 eris;
751 3617 780 3677 et
807 3614 867 3685 hoc
897 3613 1080 3693 indigemus,
1113 3612 1185 3693 quia
1213 3631 1363 3693 pauperes
1386 3617 1512 3676 sumus.“
1574 3611 1575 3699 l

404 3718 445 3765 em
459 3700 498 3763 m
522 3702 583 3764 ille:
618 3701 668 3768 „0
692 3703 776 3766 bona
798 3702 933 3783 domina,
962 3703 1090 3766 libenter
1117 3701 1279 3766 consilium
1303 3706 1391 3764 trium
1420 3713 1513 3782 perpe·

459 3790 555 3865 trabo,
587 3791 659 3870 quia
687 3809 810 3855 necesse
839 3797 918 3856 esset
945 3797 977 3854 ut
1008 3792 1091 3855 bona
1119 3791 1330 3855 haberemus.u
1380 3791 1450 3866 Que
1471 3785 1514 3849 aii:

461 3877 539 3945 llll.
568 3879 677 3942 milites
705 3880 744 3943 de
773 3882 857 3944 curia
887 3881 1078 3962 imperatoris
1107 3880 1146 3943 ad
1178 3898 1227 3943 me
1254 3885 1416 3958 venerunt,
1446 3888 1514 3941 vnus

459 3969 529 4047 post
550 3967 654 4044 alium,
683 3969 722 4030 ita
745 3971 831 4048 quod
860 3970 964 4034 nullus
987 3971 1042 4033 scit
1064 3970 1104 4032 de
1131 3973 1247 4032 secreto
1271 3968 1402 4033 alterius.
1448 3962 1514 4040 Qui·

459 4054 532 4117 libet
554 4054 646 4118 oliert
674 4057 765 4119 michi
790 4064 912 4120 centurn
935 4060 1081 4135 iiorenoS,
1115 4058 1157 4137 [vt
1179 4057 1392 4121 condormiam
1416 4058 1443 4122 ei
1465 4068 1513 4118 vna
1573 4091 1574 4108 2

404 4162 446 4211 ear
461 4145 570 4225 noctel.
616 4143 647 4207 Si
677 4145 746 4209 illos
775 4149 926 4209 trecentos
955 4148 1092 4211 florenos
1123 4147 1314 4225 haberemus,
1345 4152 1375 4210 et
1401 4165 1458 4227 ego
1480 4140 1513 4204 ab
1573 4157 1574 4218 ξ

459 4235 503 4299 eis
526 4252 590 4297 non
619 4251 716 4296 essem
745 4233 875 4309 cognita,
908 4239 985 4295 esset
1013 4234 1180 4310 prudencia
1208 4251 1347 4314 magna.u
1397 4237 1436 4300 nt
1461 4234 1512 4296 ille:
1573 4223 1574 4311 l
