3525 5025
836 467 1059 523 ..40-

415 636 578 701 veniebant
599 638 642 703 ibi
666 637 815 716 volucres,
847 635 1058 700 modulamine
1081 654 1192 701 vocum
1216 641 1322 700 cantus
1344 637 1488 700 diversos
1579 683 1580 692 .

413 730 596 791 exercentes.
642 725 786 800 Quadam
818 726 881 805 die,
910 725 985 789 dum
1017 726 1099 789 idem
1127 725 1175 788 vir
1201 725 1232 788 in
1255 743 1314 789 suo
1341 726 1488 805 fatigatus
1579 751 1580 778 u

359 834 401 881 aas
415 814 584 896 quiesceret
610 814 759 896 pomerio,
791 816 943 895 quaedam
972 814 1092 879 avicula
1120 832 1214 895 super
1243 815 1387 879 arborem
1417 832 1488 879 can-

414 904 509 968 tando
543 902 759 968 delectabiliter
792 904 940 968 consedit.
991 912 1020 966 2.
1050 903 1154 978 Quam
1189 908 1224 966 ut
1253 903 1328 967 vidit
1358 908 1389 967 et
1422 904 1489 984 eius

414 997 536 1057 cantum
565 991 694 1071 audivit,
725 992 882 1075 deceptam
914 993 1025 1073 laqueo
1051 993 1169 1056 sumsit
1215 992 1263 1055 nd
1295 1010 1392 1072 quern
1424 992 1490 1056 avis

414 1083 466 1145 ait:
498 1081 565 1147 Cur
591 1086 708 1145 tantum
733 1082 875 1146 laborasti
899 1085 933 1146 ut
956 1098 1006 1146 me
1028 1083 1173 1161 caperes?
1219 1081 1274 1145 Vel
1305 1081 1384 1162 quid
1418 1098 1490 1163 pro

415 1170 509 1235 licum
545 1172 576 1233 in
612 1188 679 1234 mea
713 1170 852 1252 captione
886 1170 1044 1251 speravisti
1082 1170 1216 1233 habere?
1259 1205 1286 1214 -
1325 1169 1377 1233 hd
1414 1171 1491 1234 hacc

360 1278 401 1325 aro
416 1260 526 1324 homo:
555 1259 647 1324 Solos
669 1264 776 1323 cantus
797 1264 869 1324 tuos
890 1259 998 1323 audire
1025 1259 1176 1323 desidero.
1207 1294 1235 1303 -·
1269 1264 1298 1322 3.
1322 1258 1385 1323 Cui
1408 1260 1489 1323 avis:

415 1348 500 1412 Nihil
531 1348 586 1412 tibi
618 1348 751 1429 prodest,
781 1348 855 1429 quia
885 1352 1000 1412 retenta
1022 1366 1079 1411 nec
1101 1366 1191 1429 prece
1213 1366 1271 1412 nec
1293 1348 1394 1429 pretio
1418 1366 1490 1412 oan-

415 1438 495 1501 tabo.
527 1473 554 1483 -
586 1438 625 1501 nr
647 1438 709 1501 ille:
738 1437 806 1502 Nisi
830 1437 1004 1513 cantaveris,
1034 1440 1064 1501 te
1086 1436 1257 1500 comedam.
1288 1438 1388 1501 --Et
1409 1438 1490 1501 avis:

416 1526 589 1601 Quomodo
613 1526 778 1591 comedes?
824 1526 855 1591 Si
879 1525 1052 1590 comederis
1075 1530 1190 1589 coctam
1223 1525 1253 1588 in
1284 1536 1379 1606 aqua,
1411 1526 1490 1607 quid

415 1615 480 1678 avis
502 1615 614 1679 valebit
643 1620 704 1679 tam
735 1617 850 1697 parva?
898 1616 935 1678 Et
965 1615 1055 1678 etiarn
1078 1632 1150 1679 caro
1173 1614 1230 1677 erit
1253 1614 1386 1695 hispida,
1410 1620 1442 1679 et
1464 1615 1490 1678 si

361 1722 402 1770 aro
417 1709 514 1769 assata
535 1722 589 1769 ero
613 1704 711 1769 multo
735 1704 838 1768 minor
860 1705 958 1768 luero.
992 1702 1053 1769 Sed
1077 1704 1102 1767 si
1125 1703 1210 1767 abire
1234 1722 1284 1767 me
1293 1704 1490 1784 permiseris,

417 1810 559 1873 magnam
584 1793 740 1857 utilitatem
764 1812 801 1857 ex
825 1811 875 1857 me
898 1792 1105 1873 consequeris.
1134 1828 1166 1838 -
1189 1800 1218 1855 4.
1233 1792 1272 1855 At
1290 1792 1341 1855 ille
1357 1811 1490 1874 respon·

415 1882 472 1945 dit:
497 1882 600 1957 Quam
625 1882 804 1946 utilitatem?
836 1918 862 1927 -·
894 1882 982 1945 Avis:
1006 1881 1178 1946 Ostendam
1201 1881 1256 1944 tibi
1281 1885 1342 1946 tres
1364 1883 1490 1963 sapien-

415 1972 473 2035 tiae
494 1971 652 2050 maneries,
676 1988 754 2052 quas
778 1971 903 2051 majoris
919 1970 1006 2053 pretii
1027 1970 1119 2034 facies
1141 1989 1235 2050 quam
1258 1970 1350 2033 trium
1375 1970 1490 2035 vitulo-

416 2078 484 2123 rum
513 2078 628 2125 carnes.
660 2096 687 2105 -
719 2060 758 2123 nt
791 2060 842 2123 ille
875 2077 1002 2124 securus
1036 2059 1197 2139 promissis
1230 2077 1317 2122 avem
1348 2060 1491 2140 permisit

361 2149 502 2215 suoabire
525 2149 573 2213 cui
596 2149 674 2213 avis:
699 2151 807 2215 Unum
831 2153 877 2213 est
899 2149 939 2212 de
961 2147 1135 2229 promissis:
1167 2148 1220 2211 Ne
1250 2148 1379 2212 credas
1411 2168 1492 2213 om·

418 2237 537 2302 nibus
560 2238 779 2319 promissis
809 2238 869 2302 vel
901 2236 1033 2300 dictis.
1081 2236 1260 2300 Secundum
1284 2241 1341 2301 est:
1365 2237 1490 2313 Quod

417 2332 526 2390 tuum
550 2332 606 2390 est
629 2328 729 2391 habe
751 2343 930 2408 semper,
961 2325 995 2390 si
1019 2329 1143 2407 potes.
1189 2326 1326 2389 Tertium
1350 2332 1408 2391 est:
1434 2328 1491 2391 Ne

417 2415 558 2479 doleas
588 2415 634 2479 de
664 2415 838 2482 amissis.
872 2451 899 2459 -

509 2507 537 2569 5.
561 2505 632 2570 lloc
654 2504 735 2569 dicto
759 2504 876 2570 avicula
898 2505 1041 2569 arborem
1064 2503 1209 2582 ascendit,
1240 2508 1269 2567 et
1291 2503 1491 2569 dulcicanore

363 2611 404 2659 sos
419 2593 520 2658 dicere
543 2595 654 2675 coepit:
680 2594 863 2659 Benedictus
880 2595 974 2671 Deus,
998 2594 1052 2674 qui
1068 2597 1193 2657 tuorum
1210 2592 1306 2657 aciem
1323 2595 1490 2657 oculorum

418 2683 531 2759 clausit,
555 2684 784 2765 etsapieniiam
808 2684 862 2747 tibi
886 2683 1021 2760 abstulit;
1049 2684 1198 2763 quoniam
1222 2683 1248 2746 si
1271 2683 1489 2747 intestinorum

419 2772 512 2854 plicas
544 2791 684 2836 meorum
716 2773 926 2854 perquisisses,
957 2772 1051 2836 unlus
1081 2771 1189 2835 unciae
1220 2772 1418 2854 hyacinthum
1443 2773 1491 2836 in·

418 2862 564 2926 venisses.
594 2896 626 2908 -
656 2863 740 2926 llaec
763 2861 893 2926 audiens
916 2861 967 2924 ille
989 2861 1090 2941 coepit
1113 2859 1189 2924 llere
1204 2865 1234 2924 et
1248 2861 1359 2942 palmis
1382 2867 1491 2943 pectus

419 2956 583 3032 percutere,
607 2951 755 3032 quoniam
779 2951 868 3014 dictis
891 2950 985 3014 iidem
1010 2949 1191 3031 praebuerat
1213 2950 1357 3014 aviculae.
1405 2957 1434 3014 6.
1451 2951 1492 3014 nt

364 3059 404 3105 aso
419 3040 484 3103 avis
491 3041 531 3103 ait
539 3039 595 3102 illi:
608 3039 680 3103 Cito
687 3040 1067 3119 oblitusessensus,quem
1075 3038 1209 3102 dixitlbi.
1226 3039 1340 3103 Nonne
1348 3038 1411 3101 dixi
1419 3039 1490 3104 tibi:

419 3129 467 3191 Ne
483 3129 542 3193 cito
566 3128 672 3192 credas
694 3129 843 3209 quicquid
861 3127 1000 3192 dicetur?
1024 3128 1198 3203 Quomodo
1221 3127 1328 3206 credis,
1352 3128 1439 3208 quod
1457 3130 1490 3192 in

419 3235 469 3280 me
492 3217 530 3281 sit
545 3217 726 3298 hyacinthus
748 3218 802 3298 qui
825 3218 864 3281 sit
887 3216 1034 3299 ponderis
1057 3217 1151 3281 unius
1173 3217 1290 3295 unciae,
1313 3234 1411 3297 quum
1427 3236 1490 3298 ego

419 3309 480 3369 tota
503 3323 567 3370 non
591 3305 649 3369 sim
673 3305 745 3370 tanti
771 3305 940 3388 ponderis?
987 3307 1023 3369 Et
1046 3305 1108 3369 dixi
1140 3306 1209 3370 tibi:
1240 3306 1288 3369 Ne
1318 3305 1425 3370 doleas
1448 3306 1490 3370 de

419 3395 513 3458 rebus
535 3394 667 3473 amissis,
691 3413 786 3476 quare
802 3413 859 3476 pro
876 3395 1049 3478 hyacintho,
1065 3396 1119 3475 qui
1136 3395 1167 3458 in
1185 3412 1234 3458 me
1250 3399 1302 3474 est,
1319 3393 1428 3458 doles?
1453 3431 1481 3439 -

364 3500 406 3548 suo
510 3483 637 3546 Talibus
667 3484 755 3548 dictis
785 3488 815 3548 et
838 3485 951 3548 rustico
975 3483 1086 3561 deriso,
1118 3484 1183 3547 avis
1206 3483 1237 3546 in
1261 3483 1399 3547 nemoris
1421 3484 1491 3547 avia

420 3571 582 3637 devolavit.

826 3698 933 3762 XXIV.
983 3701 1077 3761 1-6.

513 3847 539 3902 1.
564 3838 688 3903 Dictum
712 3857 847 3921 namque
869 3838 928 3902 luit
949 3838 990 3902 de
1012 3842 1138 3916 aratore,
1169 3839 1256 3919 quod
1281 3839 1377 3904 boves
1407 3838 1490 3903 illius

420 3931 503 3991 recto
526 3927 644 3991 tramite
667 3928 785 3992 nollent
807 3928 959 4007 incedere,
982 3928 1099 4009 quibus
1115 3927 1208 3991 iratus
1224 3927 1312 3991 dixit:
1338 3927 1415 4009 Lupi
1433 3945 1490 3992 vos

421 4016 596 4080 comedant!
629 4053 655 4062 -
688 4017 785 4092 Quod
802 4019 899 4100 lupus·
911 4017 1041 4080 audiens
1054 4016 1215 4096 acquievit
1261 4016 1370 4091 Quum
1386 4020 1488 4080 autem

365 4103 488 4169 modies
518 4105 690 4185 declinaret,
723 4112 752 4170 et
780 4107 842 4188 jam
875 4106 1005 4171 rusticus
1037 4106 1077 4169 de
1104 4109 1203 4169 aratro
1231 4106 1327 4169 boves
1349 4106 1489 4185 solveret,

421 4195 503 4258 venit
524 4195 563 4258 ad
587 4211 658 4258 eum
676 4197 769 4276 lupus
788 4195 906 4260 dicens:
933 4195 981 4257 Da
997 4194 1072 4257 mihi
1089 4195 1194 4272 boves,
1217 4211 1298 4271 quos
1314 4194 1489 4275 promisisti.
