3525 5025
679 540 899 598 „33-

269 710 344 773 omni
374 712 476 791 modo,
506 712 586 776 facto
608 716 699 793 atque
722 716 920 791 sacramento,
943 712 1100 792 denegans
1132 712 1186 776 ait:
1216 712 1248 777 O
1275 730 1322 777 se-

225 797 380 863 nouum!
416 802 513 865 Tuam
537 820 605 865 esse
628 800 798 883 perfidiam,
820 806 913 882 atque
936 806 1023 864 tuum
1046 801 1166 866 facinus
1180 820 1247 866 esse
1261 802 1323 867 tuis

267 889 432 967 parentibus
455 889 623 968 ostendam,
648 891 734 971 quod
758 908 944 971 unaquaque
964 895 1053 954 nocte
1067 891 1177 955 solitus
1191 908 1225 955 cs
1239 890 1322 955 exire

265 994 281 1037 a
301 996 346 1041 me
367 979 406 1041 ita
428 980 542 1057 furtim,
566 984 596 1043 et
615 980 787 1043 meretrices
802 978 895 1042 adire.
916 1014 943 1025 -
969 981 1005 1043 Et
1019 980 1059 1043 ita
1073 980 1144 1060 egit
1179 979 1324 1045 Parentes

265 1083 331 1129 vero
357 1068 431 1133 haec
451 1068 610 1133 audientes
629 1073 724 1149 ‘atque
750 1086 858 1132 verum
890 1068 1094 1133 existimantes
1124 1086 1195 1133 eum
1226 1069 1323 1132 incre·

265 1163 414 1235 pavemnt;
438 1158 530 1222 etita
550 1158 662 1221 mulier
677 1158 727 1220 illa
750 1158 875 1222 liberata
897 1162 960 1221 arte
982 1176 1038 1222 sua
1059 1158 1211 1239 flagitium
1235 1158 1321 1239 quod

219 1258 253 1304 ao
266 1251 406 1309 meruerat
428 1247 459 1309 in
483 1247 584 1309 virum
608 1264 700 1310 suum
724 1247 856 1325 retrusit,
888 1247 937 1310 cui
968 1247 1043 1309 nihil
1067 1247 1195 1328 profuit,
1226 1247 1322 1311 immo

264 1332 355 1396 obfuit
384 1336 544 1399 mulierem
576 1336 765 1399 custodiisse.
825 1343 874 1398 1ο.
906 1337 985 1400 Nam
1016 1335 1064 1399 isti
1094 1336 1184 1399 etiam
1215 1334 1324 1399 accidit

264 1423 396 1487 cumulus
416 1425 472 1489 iste
495 1424 634 1488 miseriae
650 1424 736 1504 quod
759 1424 983 1489 existimatione
1006 1425 1211 1505 plurimorum
1236 1425 1322 1505 quod

263 1511 423 1588 patiebatur
446 1514 595 1577 meruisse
618 1513 798 1578 crederetur.
846 1512 940 1578 Unde
963 1513 1090 1594 quidem
1114 1514 1207 1578 bonis
1229 1532 1322 1596 quam

263 1598 396 1676 pluribus
419 1603 540 1683 pulsus,
564 1601 763 1683 dignitatibus
785 1606 907 1680 exutus,
931 1603 1152 1666 existimatione
1175 1603 1323 1681 foedatus,

219 1687 303 1749 aosob
324 1692 426 1755 uxoris
449 1692 664 1771 maliloquium
688 1691 777 1755 etiam
802 1691 935 1755 incestus
956 1692 1024 1755 tulit
1045 1692 1241 1773 supplicium.

665 1834 743 1897 xvl.
793 1841 909 1896 1-10.

348 1966 374 2019 1.
399 1959 524 2023 Dictum
549 1958 624 2022 mibi
655 1959 713 2021 fuit
740 1958 826 2039 quod
854 1958 982 2039 quidam
1007 1958 1166 2039 Hispanus
1193 1959 1325 2039 perrexit

265 2043 404 2124 Meccam,
442 2052 472 2111 et
501 2048 577 2111 dum
608 2048 664 2111 iret
694 2048 777 2111 venit
811 2048 843 2109 in
874 2047 1058 2128 Aegyptum.
1112 2046 1176 2121 Qui
1206 2048 1324 2111 deserta

264 2135 352 2199 terrae
374 2138 484 2201 intrare
515 2137 624 2200 volens
655 2141 684 2200 et
712 2136 847 2215 transire,
878 2136 1022 2216 cogitavit
1050 2136 1137 2216 quod
1160 2136 1323 2218 pecuniam

264 2238 343 2286 suam
367 2226 398 2289 in
413 2227 556 2307 Aegypto
579 2226 749 2303 dimitteret,
773 2230 802 2289 et
823 2230 987 2306 antequam
1003 2223 1155 2289 dimittere
1170 2225 1324 2303 voluisset,

222 2322 254 2369 au
267 2309 454 2395 interrogavit
475 2316 502 2378 si
525 2314 637 2395 aliquis
661 2316 758 2379 homo
780 2313 883 2378 fidelis
903 2318 982 2379 esset
1001 2314 1032 2377 in
1049 2314 1100 2376 illa
1116 2314 1251 2394 regione,
1274 2314 1324 2377 cui

267 2408 361 2477 posset
393 2404 555 2486 pecuniam
590 2422 678 2467 suam
718 2404 877 2467 dimittere.
937 2404 1024 2466 Tunc
1062 2403 1263 2466 ostenderunt
1296 2403 1324 2466 ei

267 2487 413 2557 hominem
437 2494 598 2576 antiquum
615 2497 753 2557 notatum
775 2492 925 2575 probitate
947 2491 1108 2571 fidelitatis,
1131 2493 1181 2557 cui
1204 2491 1244 2556 de
1266 2510 1326 2556 suo

267 2580 342 2645 mille
355 2584 464 2647 talenta
479 2584 644 2648 commisit.
680 2583 803 2647 Deinde
820 2582 960 2664 perrexit.
997 2590 1026 2645 2.
1043 2583 1196 2663 factoque
1219 2583 1325 2647 itinere

267 2668 300 2730 ad
314 2671 395 2735 illum
417 2672 507 2736 rediit
529 2673 579 2736 cui
603 2672 763 2753 pecuniam
788 2672 949 2750 commisit,
971 2676 1002 2736 et
1023 2670 1109 2751 quod
1132 2672 1327 2735 commiserat

224 2757 303 2819 anab
323 2779 359 2824 co
380 2762 539 2841 quaesivit
584 2761 623 2825 nt
646 2761 705 2839 ille,
729 2762 839 2842 plenus
862 2760 1010 2841 nequitia,
1038 2760 1124 2823 illum
1154 2778 1324 2842 numquam

267 2851 346 2912 antea
366 2867 398 2913 se
420 2850 535 2914 vidisse
558 2850 685 2913 dicebat.
717 2850 769 2913 llle
791 2866 865 2914 vero
893 2850 938 2913 sic
960 2850 1105 2930 deceptus
1132 2850 1264 2930 perrexit
1284 2850 1324 2912 ad

268 2937 375 3012 probos
397 2939 542 3003 homines
564 2939 700 3019 regionis
724 2939 813 3017 illius,
841 2942 870 3002 el
893 2939 1056 3018 quomodo
1078 2942 1231 3002 tractasset
1252 2956 1324 3002 eum

268 3022 356 3090 bomo
377 3028 427 3092 ille
449 3028 500 3092 cui
523 3028 685 3109 pecuniam
709 3028 904 3092 commiserat
926 3027 971 3091 eis
993 3027 1103 3091 retulit.
1135 3027 1234 3092 Vicini
1250 3045 1326 3090 vero

268 3111 342 3179 illius
363 3116 401 3180 de
425 3135 463 3181 eo
486 3117 555 3181 talia
577 3117 736 3180 audientes
750 3116 874 3180 credere
891 3117 1064 3194 noluerunt,
1087 3115 1142 3179 sed
1166 3115 1242 3179 nihil
1266 3116 1327 3180 hoc

225 3212 328 3268 inesse
349 3206 498 3270 dixerunt.
539 3213 567 3270 3.
591 3206 655 3281 Qui
671 3223 746 3270 vero
767 3206 928 3287 pecuniam
945 3205 1118 3286 perdiderat
1140 3223 1326 3286 unaquaque

267 3291 368 3357 dicad
392 3296 523 3360 domum
546 3295 642 3373 illius,
666 3296 720 3376 qui
744 3295 855 3375 injuste
878 3295 1026 3359 retinebat
1053 3295 1222 3374 pecuniam,
1255 3295 1325 3373 ibat,

267 3380 441 3465 blandisque
464 3385 608 3465 precibus
622 3402 693 3447 eum
711 3384 930 3465 deprecabatur
949 3388 984 3446 ut
998 3384 1158 3464 pecuniam
1175 3381 1324 3447 redderet

267 3469 356 3544 Quod
371 3473 517 3554 deceptor
538 3473 668 3538 audiens
691 3473 858 3554 increpavit
880 3491 951 3537 eum
976 3473 1089 3551 dicens,
1113 3491 1153 3536 ne
1174 3473 1233 3537 tale
1248 3473 1325 3552 quid

266 3558 359 3625 deco
380 3563 515 3643 amplius
537 3562 662 3639 diceret,
687 3581 744 3628 nec
765 3562 804 3625 ad
828 3581 900 3626 eum
923 3561 1047 3625 veniret
1093 3561 1190 3636 Quod
1213 3562 1238 3624 si
1261 3581 1325 3624 am-

225 3649 343 3728 mplius
372 3651 481 3715 faceret
511 3669 627 3732 poenas
656 3670 693 3714 ex
723 3651 832 3715 merito
862 3651 987 3715 subiret
1032 3659 1062 3714 4.
1085 3650 1207 3714 Auditis
1234 3651 1327 3714 minis

266 3737 341 3803 illius
363 3741 416 3820 qui
440 3759 511 3804 eum
536 3741 702 3821 deceperat,
725 3741 817 3805 tristis
841 3740 942 3821 coepit
956 3740 1049 3818 abire,
1072 3744 1102 3802 et
1117 3741 1148 3802 in
1165 3737 1326 3804 redeundo

267 3827 393 3892 obviavit
415 3829 538 3893 cuidam
562 3830 679 3894 vetulae
702 3829 909 3893 eremitalibus
932 3829 1042 3910 pannis
1064 3827 1198 3892 indutae.
1243 3830 1328 3893 llaec

268 3921 358 3981 autem
375 3919 487 3983 baculo
502 3919 625 3999 fragiles
640 3923 723 3982 artus
737 3919 931 3997 sustentabat,
952 3922 981 3981 et
996 3917 1154 3998 perviam,
1170 3917 1327 3981 laudando

270 4003 372 4086 Deum,
395 4006 522 4088 lapides,
546 4025 586 4070 ne
608 4009 829 4071 transeuntium
854 4007 950 4088 pedes
972 4006 1176 4083 laederentur,
1200 4006 1326 4072 levabat.

227 4105 258 4153 m
270 4092 351 4167 Quae
364 4096 475 4160 videns
489 4097 649 4161 hominem
665 4097 798 4175 flentem,
814 4096 961 4176 cognovit
976 4113 1047 4158 eum
1063 4112 1129 4158 esse
1141 4098 1327 4158 extraneum.

269 4182 426 4251 Commota
449 4186 557 4266 pietate
581 4186 611 4248 in
627 4186 824 4266 angiportum
840 4185 967 4260 vocavit,
991 4182 1110 4263 etquid
1127 4184 1154 4245 ci
1170 4183 1329 4246 accidisset

269 4270 465 4356 interrogavit.
497 4275 536 4339 nt
551 4275 602 4339 ille
615 4275 756 4338 ordinate
770 4274 910 4337 narravit
941 4276 968 4336 5.
986 4271 1111 4334 Femina
1126 4288 1200 4334 vero
1215 4269 1327 4334 auditis

291 4393 401 4448 lllrich,
418 4393 558 4440 Laminieche
571 4393 706 4439 Novellistik
720 4392 759 4436 des
778 4389 926 4435 mittelalters.
1168 4392 1182 4437 3
