3525 5025
657 559 698 567 .-
747 528 874 584 79-

245 700 394 776 accusabit,
418 700 491 779 quia
515 718 570 780 per
585 718 652 762 eam
668 699 860 764 scandelizati
877 714 1013 763 sumus.a
1050 700 1090 762 nt
1112 698 1175 762 illa:
1202 700 1301 765 „intra

246 791 355 851 secure!
378 790 423 851 llc
437 792 527 852 nocte
541 789 656 852 erimus
670 789 710 852 de
726 790 793 869 pica
803 788 975 852 vindicati.u
1002 788 1147 868 Cumque
1163 789 1302 851 intrasset

247 882 277 939 et
299 896 350 958 per
369 877 477 955 aulam,
510 877 562 941 vbi
590 877 657 958 pica
684 882 753 955 erat,
783 878 943 941 transitum
975 876 1101 956 fecisset,
1132 877 1200 958 pica
1228 896 1300 940 eum

248 965 413 1046 loquentem
435 967 554 1030 audiuit
576 967 632 1030 hec
650 967 755 1030 verba:
782 967 833 1032 „0
857 968 941 1031 bona
963 966 1084 1043 amasia,
1108 966 1183 1029 vitra
1207 984 1300 1046 quam

194 1072 234 1116 aso
248 1056 324 1118 credi
353 1060 449 1136 potest
479 1056 577 1136 picam
607 1056 702 1119 timeo
729 1075 784 1136 per
810 1055 943 1119 omniau
992 1055 1071 1134 Pica,
1098 1073 1168 1118 cum
1193 1074 1300 1119 vocem

248 1144 310 1207 eius
329 1144 465 1221 audisset,
492 1144 568 1225 [aitlz
601 1145 652 1210 ,Ο
680 1146 780 1223 miser,
809 1149 934 1225 propter
961 1144 1059 1208 noctis
1087 1144 1300 1208 obscuritatem

247 1238 276 1294 te
296 1251 353 1296 non
375 1238 484 1315 potero
506 1233 618 1310 videre,
642 1234 696 1297 sed
719 1252 826 1297 vocem
850 1238 933 1297 tuam
957 1233 1060 1297 audio.
1102 1234 1214 1296 Iniuste
1236 1234 1301 1313 agis

248 1339 313 1384 cum
334 1323 460 1386 domino
484 1342 563 1399 meo,
594 1323 680 1403 quod
709 1323 778 1403 ipso
800 1323 926 1386 absente
949 1323 1009 1385 iam
1033 1341 1104 1386 cum
1129 1341 1223 1386 vxore
1246 1340 1301 1386 sua

248 1411 292 1473 vis
311 1411 449 1475 dormire
494 1413 593 1475 Amen
617 1412 688 1475 dico
710 1413 774 1491 tibi,
801 1430 871 1475 cum
897 1412 1055 1475 dominus·
1067 1430 1154 1475 meus
1177 1412 1301 1491 venerit,

200 1501 347 1563 momnia
367 1502 393 1565 ei
409 1502 570 1564 narrabo*¹
608 1501 659 1564 llle
682 1502 742 1565 hoc
764 1501 893 1564 audiens
912 1502 953 1564 ait
974 1500 1088 1565 amasie
1110 1519 1178 1565 sue:
1206 1502 1302 1567 „Ecce

249 1587 401 1668 karissima,
431 1590 495 1653 dixi
528 1590 583 1654 tibi
613 1590 699 1670 quod
728 1591 794 1671 pica
824 1608 884 1654 nos
906 1590 1105 1655 contundet«
1154 1589 1226 1664 Que
1248 1591 1301 1654 ait:

252 1678 337 1741 „Noli
350 1679 467 1758 timere;
491 1684 579 1743 nocte
595 1680 651 1743 ists
665 1679 781 1743 erimus
796 1680 938 1743 vindicati
954 1679 995 1743 de
1010 1680 1104 1760 pica.u
1139 1678 1300 1743 Camenam

249 1766 425 1831 intrauerunt
447 1774 477 1831 et
503 1768 596 1832 simul
623 1773 712 1832 nocte
741 1768 792 1832 illa
818 1768 1018 1832 dormierunt
1066 1768 1202 1832 Domina
1224 1768 1303 1832 circa

249 1855 430 1933 gallicantum
447 1858 578 1921 surrexit
592 1862 621 1921 et
635 1858 775 1921 ancillam
798 1858 865 1921 eius
888 1858 926 1920 ad
951 1876 983 1921 se
1007 1858 1129 1921 uocauit
1151 1862 1181 1921 et
1202 1858 1243 1920 ait
1261 1857 1302 1921 ei:

205 1959 239 2004 ro
254 1946 375 2009 „famus
397 1951 426 2009 et
455 1948 566 2010 scalam
597 1946 781 2027 accipiamus
808 1951 837 2009 et
864 1951 975 2010 tectum
1003 1945 1117 2009 domus
1139 1947 1303 2010 ascendere

250 2032 395 2113 debemus,
419 2035 555 2115 quiade
578 2036 645 2116 pica
668 2040 756 2099 nocte
780 2036 835 2099 ists
858 2054 908 2099 me
931 2035 1139 2098 vindicabor.¹¹
1176 2036 1215 2098 At
1238 2036 1300 2099 illa:

190 2123 191 2126 ’
254 2122 440 2205 ,Ρτεεερῐυηι
478 2129 567 2188 tuum
605 2125 814 2206 adimplebor
878 2124 995 2189 Scalam
1033 2130 1227 2205 acceperunt;
1271 2124 1301 2187 in

250 2214 409 2277 summitate
438 2214 554 2277 domus
583 2214 722 2277 toramen
752 2214 890 2277 iecerunt
918 2231 1011 2295 supra
1041 2232 1149 2291 casam,
1182 2214 1213 2277 in
1241 2232 1303 2295 qua

251 2300 312 2378 pica
337 2307 408 2380 erat;
442 2307 554 2366 tectum
585 2303 788 2367 ascenderunt
817 2303 1025 2384 habentesque
1055 2320 1158 2366 secum
1190 2322 1304 2384 paruos

209 2387 368 2469 rulapillos,
395 2410 519 2455 arenam
543 2393 635 2455 maris
658 2396 687 2455 et
708 2410 788 2473 aqua
809 2392 965 2456 scutellam
990 2393 1121 2473 plenam.
1170 2394 1225 2455 lsta
1248 2393 1304 2456 tria

252 2495 301 2556 per
319 2484 408 2545 totam
439 2485 560 2545 noctem
584 2499 678 2563 super
707 2483 805 2563 picam
836 2480 1037 2564 proiecerunt,
1069 2482 1108 2544 ita
1131 2481 1216 2562 quod
1240 2481 1304 2546 lere

253 2568 310 2645 pior
337 2576 457 2634 mortua
490 2567 561 2634 erat.
608 2573 679 2635 lloc
711 2571 790 2635 iacto
824 2570 1056 2635 descenderunt.
1103 2572 1195 2634 Mane
1229 2590 1304 2635 vero

252 2660 371 2723 amasius
393 2679 449 2741 per
472 2661 623 2741 posticum
640 2660 817 2724 ambulauit
850 2661 936 2723 liora
952 2661 1050 2741 prima
1073 2661 1150 2724 ciuis
1173 2660 1303 2724 domum

253 2748 323 2811 venit
336 2754 371 2826 et,
386 2751 465 2813 sicut
479 2749 588 2813 solitus
602 2755 673 2827 erat
690 2750 720 2812 in
737 2750 889 2830 principio
902 2750 1042 2812 introitus
1057 2750 1155 2830 picam
1173 2749 1305 2812 uisitauit

213 2838 280 2895 noct
296 2838 333 2900 ait
353 2840 394 2902 ei:
429 2839 481 2904 »Ο
505 2839 579 2919 pica,
610 2840 685 2919 pica,
716 2839 766 2902 dic
793 2839 885 2902 michi
915 2837 1076 2919 quomodo
1105 2843 1167 2901 erat
1193 2838 1247 2901 tibi
1272 2839 1303 2900 in

254 2939 311 2988 mea
324 2928 498 2992 absencialu
527 2929 643 2992 Atilia:
664 2928 714 2994 „0
729 2928 865 3005 domine,
882 2929 983 3008 primo
999 2927 1052 2991 tibi
1068 2927 1140 2991 dico
1156 2945 1304 3004 rumores,

254 3029 322 3089 quos
342 3017 456 3081 audiui.
491 3018 577 3081 onr
597 3021 649 3080 tua
672 3018 703 3079 in
728 3017 825 3080 noctis
840 3017 1023 3080 obscuritate
1038 3016 1187 3079 amasium
1212 3034 1304 3079 suum

255 3099 350 3169 intrare
371 3107 517 3188 permisit,
548 3125 641 3186 quam
670 3107 803 3186 grauiter
826 3107 993 3186 arguebam
1017 3111 1046 3168 et
1074 3106 1137 3168 dixi
1162 3105 1247 3185 quod
1272 3107 1304 3168 in

255 3191 373 3257 aduentu
394 3200 451 3259 tuo
474 3197 580 3259 omnia
601 3214 773 3259 accusarem
780 3217 788 3273 ;
821 3196 881 3259 boc
905 3213 968 3258 non
992 3196 1131 3258 obstante
1154 3213 1303 3257 cameram

218 3281 326 3344 taluam
348 3285 470 3348 intrauit
492 3289 613 3349 etcum
638 3285 765 3348 domina
787 3290 838 3348 tua
861 3284 1016 3347 dormiuit.
1052 3283 1166 3358 Queris
1189 3302 1264 3363 ergo
1287 3302 1305 3346 a

258 3384 305 3448 me,
326 3375 486 3453 quomodo
509 3374 540 3436 in
563 3379 615 3437 tua
636 3374 796 3438 abscencia
819 3374 911 3437 michi
935 3377 1005 3436 erat.
1039 3373 1139 3436 Amen
1155 3373 1225 3436 dico
1241 3373 1304 3451 tibi,

257 3471 409 3541 numquam
432 3468 495 3526 tam
519 3464 598 3526 male
620 3464 698 3526 sicut
720 3465 775 3527 ista
798 3468 895 3541 nocte,
920 3463 992 3542 quia
1011 3463 1074 3526 tere
1090 3481 1159 3525 sum
1176 3467 1305 3525 mortua.

258 3543 379 3630 Grando,
396 3553 449 3614 nix
464 3557 494 3615 et
509 3552 614 3632 pluuia
630 3571 684 3633 per
699 3557 792 3615 totam
809 3557 929 3615 noctem
946 3570 1039 3632 super
1058 3570 1107 3614 me
1122 3551 1305 3628 ceciderunt,

258 3631 283 3694 ῑῐῑ
308 3642 415 3704 unum
449 3641 536 3721 quod
566 3641 630 3704 tere
660 3659 729 3705 sum
758 3641 918 3704 extincta.⁴¹
969 3641 1113 3718 Domina,
1144 3658 1213 3703 cum
1246 3639 1307 3702 boc

222 3726 381 3819 maudisset,
408 3730 485 3810 [ait]:
512 3730 563 3796 »Ο
579 3730 713 3809 domine,
738 3731 797 3793 iam
822 3729 921 3793 credis
945 3730 1011 3810 pice
1033 3735 1084 3792 tue
1107 3729 1193 3809 quod
1218 3733 1307 3791 nocte

260 3818 304 3876 uu
322 3824 380 3881 erat
408 3820 529 3900 grando
557 3837 592 3882 ac
619 3820 733 3901 pluuia.
781 3820 839 3883 Per
869 3824 967 3882 totum
999 3838 1115 3882 annum
1150 3837 1213 3881 non
1244 3823 1307 3880 erat

261 3914 310 3966 uox
334 3913 392 3970 tam
420 3927 530 3972 amena
560 3909 637 3972 sicut
669 3914 757 3973 nocte
788 3908 871 3972 ista.u
921 3909 1048 3971 Maritus
1078 3909 1142 3970 aitz-
1169 3908 1259 3972 „lloc
1288 3924 1307 3968 a

261 3989 352 4059 uicinis
373 3999 450 4061 meis
473 4016 610 4077 queram,
633 3999 706 4078 quia
729 3998 783 4062 tibi
808 4017 871 4062 non
897 3998 998 4076 credo,
1021 3997 1075 4060 sed
1093 3997 1191 4076 magis
1208 3997 1303 4077 pice.u

263 4074 377 4148 Perrexit
397 4088 437 4150 ad
460 4087 580 4150 vicinos
601 4092 632 4150 et
653 4089 705 4150 ait:
740 4083 926 4165 „Karissimi
957 4105 1062 4150 amore
1090 4105 1161 4149 meo
1193 4085 1307 4162 dicatis,

227 4166 283 4261 tusi
301 4180 357 4236 erat
382 4176 488 4256 pluuia
509 4181 562 4238 aut
583 4176 704 4256 grando
731 4177 797 4240 siue
825 4181 986 4256 tempestas
1015 4180 1103 4239 nocte
1130 4175 1227 4237 ista?‘¹
1268 4175 1308 4236 nt

264 4254 307 4321 lli:
330 4263 417 4328 „Sine
439 4265 539 4329 dubio
561 4266 655 4345 aliqui
680 4285 717 4327 ex
740 4266 832 4328 nobis
846 4265 1014 4344 vigilabant
1037 4268 1065 4327 et
1088 4281 1150 4326 non
1175 4266 1237 4325 erat
1252 4280 1309 4343 per
