3525 5025
665 516 909 575 -133—

264 691 395 771 spoliauit
414 695 467 754 aut
490 689 612 753 occidit
661 690 756 753 ludex
778 708 848 753 cum
877 689 934 752 hec
963 689 1105 767 audisset,
1137 687 1264 753 insidias
1287 688 1318 752 in

217 797 253 841 ru
266 780 380 843 circuitu
402 780 514 844 foreste
538 779 642 860 posuit
656 784 687 842 et
706 797 777 841 eum
793 778 996 859 apprehendit
1010 782 1040 841 et
1062 778 1161 858 ligatis
1177 778 1319 843 manibus

265 869 435 949 etpedibus
457 868 497 931 ad
522 868 674 931 iudicium
698 867 769 931 duci
792 868 870 931 iecit
909 866 990 930 Cum
1014 885 1089 931 vero
1112 867 1231 931 adesset
1253 867 1319 931 dies

265 958 368 1033 iudicii,
389 958 464 1020 dixit
486 958 514 1021 ei
539 957 645 1020 iudex:
673 957 867 1035 „Karissime
892 956 971 1020 nosti
988 955 1173 1020 beneficium
1198 955 1315 1037 legista

266 1046 323 1120 Qui
344 1048 393 1109 ait:
419 1047 551 1124 fficiam,
575 1045 712 1110 domine.
758 1044 890 1127 Oportet
913 1063 962 1108 me
986 1046 1023 1109 lll
1047 1045 1186 1111 veritates
1208 1045 1318 1123 dicere,

265 1136 287 1197 si
308 1137 392 1198 velim
415 1135 547 1199 euadere
573 1140 734 1198 mortem!
773 1136 808 1197 Et
830 1135 893 1198 ille:
921 1134 1012 1200 „cito
1035 1151 1110 1215 ergo
1133 1134 1317 1198 beneficium

219 1242 254 1286 no
267 1224 336 1304 legis
357 1226 488 1306 impleas,
519 1229 571 1288 aut
594 1224 688 1287 lrodie
710 1224 814 1288 cibum
839 1241 903 1286 non
931 1224 1071 1303 gustabo,
1101 1222 1202 1287 donec
1223 1224 1319 1287 luetis

267 1330 421 1393 suspensus
443 1314 475 1376 in
499 1314 674 1393 panbulotu
721 1312 761 1376 nt
783 1313 846 1376 ille:
881 1312 1045 1391 „Domine
1069 1312 1117 1376 lac
1138 1312 1205 1376 lieri
1229 1312 1318 1376 silen-

267 1402 370 1464 cium!l
421 1403 498 1477 Quo
532 1403 611 1465 lacto
645 1403 698 1465 ait:
740 1404 844 1480 „Ecce
879 1401 1015 1479 domine,
1050 1402 1108 1465 lrec
1141 1404 1186 1465 est
1220 1400 1318 1483 prima

266 1491 373 1555 veritas:
399 1492 516 1557 ‚Vobis
539 1491 686 1554 omnibus
708 1490 873 1568 denuncio,
901 1489 987 1570 quod
1011 1494 1076 1554 toto
1099 1494 1237 1571 tempore
1259 1490 1319 1555 vite

267 1598 326 1642 mee
346 1581 424 1644 extiti
455 1581 555 1643 malus
578 1580 703 1644 laomor¹
754 1580 848 1643 ludex
879 1580 936 1643 hec
962 1579 1091 1643 audiens
1120 1578 1162 1642 ait
1190 1579 1318 1643 circum·

221 1685 256 1731 eu
268 1670 414 1733 stantibus:
441 1670 553 1735 „Estne
568 1687 684 1747 verum,
700 1669 785 1749 quod
802 1669 858 1732 iste
872 1668 989 1731 dixilie
1023 1668 1062 1732 nt
1077 1668 1133 1731 illi:
1153 1668 1317 1747 „Domine

268 1757 289 1819 si
310 1777 367 1820 non
390 1763 469 1822 esset
496 1758 678 1836 malefactor,
709 1759 771 1822 lruc
798 1758 829 1820 in
861 1762 938 1821 statu
970 1758 1028 1821 isto
1059 1774 1123 1820 non
1154 1756 1314 1821 venisset·

267 1846 309 1908 nr
329 1848 366 1910 ei:
391 1848 472 1913 „Dic
486 1865 562 1926 ergo
576 1847 743 1911 secundam
765 1848 955 1911 veritatem!a
993 1845 1057 1921 Qui
1073 1845 1126 1909 ait:
1153 1846 1318 1924 „Domine

267 1936 387 1999 secunda
409 1939 519 1999 veritas
546 1940 591 1999 est
621 1936 692 2000 ista:
722 1936 816 2000 Michi
841 1935 973 1999 multum
997 1935 1143 2016 displicet,
1175 1934 1260 2017 quod
1285 1936 1316 1998 in

267 2024 314 2086 ista
338 2026 433 2088 forma
464 2026 525 2088 huc
551 2026 651 2088 venia
698 2025 749 2087 nit
779 2025 883 2089 iudex:
919 2024 1035 2102 „Certe
1067 2024 1221 2088 credimus
1251 2023 1315 2087 tibi.

224 2128 257 2172 am
271 2112 322 2175 Dic
340 2133 412 2194 ergo
434 2115 555 2178 terciam
579 2115 742 2192 veritatem,
767 2118 796 2178 et
818 2119 846 2177 te
871 2114 972 2195 ipsum
995 2131 1014 2176 a
1037 2117 1135 2177 morte
1157 2113 1314 2177 saluastnu

267 2201 301 2263 bt
320 2204 377 2266 ille:
412 2205 500 2269 allec
521 2208 565 2267 est
587 2203 678 2266 tercia
700 2204 821 2267 veritas:
851 2202 883 2267 Si
907 2202 1001 2266 semel
1024 2202 1196 2280 euaderem,
1228 2220 1317 2265 num·

268 2308 347 2369 quam
370 2292 428 2371 (BL
455 2293 536 2372 56r.)
561 2292 593 2355 in
617 2292 672 2355 ista
694 2292 794 2356 torma
817 2292 878 2355 huc
904 2292 943 2355 ad
967 2292 1069 2356 locum
1094 2292 1184 2354 istum
1208 2290 1317 2353 volun-

268 2380 330 2442 tan'e
350 2382 569 2461 peruenirem.¹⁴
620 2381 702 2445 Dicit
724 2382 751 2444 ei
776 2381 882 2444 iudex:
918 2380 1027 2446 „Certe
1050 2380 1121 2443 salis
1152 2380 1318 2460 prudenter

268 2472 292 2531 te
311 2469 405 2550 ipsum
422 2471 563 2537 liberasti.
598 2470 683 2534 Vade
700 2471 730 2535 in
748 2472 856 2553 pace!¹‘
896 2471 932 2533 Et
953 2470 997 2534 sic
1021 2488 1075 2552 per
1097 2474 1157 2534 tres
1179 2469 1317 2533 veritates

227 2559 386 2624 nasaluatus
408 2565 452 2624 est
475 2561 570 2624 miles.

599 2755 673 2836 cap.
701 2762 762 2818 rra
788 2755 847 2836 (or.
873 2755 970 2833 aaa).

304 2874 342 2930 De
359 2876 444 2932 nimia
462 2874 676 2948 presumpcione
695 2874 885 2948 [imperatoris
906 2875 963 2948 qui]
985 2873 1048 2932 ideo
1067 2877 1209 2948 correptus
1226 2877 1273 2930 est.

343 3005 519 3068 louinianus
542 3005 706 3085 imperator
728 3005 867 3085 regnauit
890 3008 999 3086 potens
1022 3004 1118 3067 valde.
1158 3003 1221 3078 Qui
1244 3022 1315 3067 cum

267 3094 346 3156 semel
369 3095 400 3156 in
431 3099 524 3158 stratu
555 3113 613 3158 suo
641 3095 787 3172 iacuisset,
819 3095 971 3158 eleuatum
995 3099 1039 3157 est
1067 3111 1121 3156 cor
1143 3093 1210 3156 eius
1232 3094 1315 3170 vltra,

268 3199 346 3260 quam
368 3183 450 3246 credi
474 3188 580 3263 potest,
610 3189 638 3247 et
668 3184 787 3247 dicebat
809 3184 841 3246 in
872 3183 967 3246 corde
997 3201 1068 3246 suo:
1103 3183 1214 3248 „Estne
1243 3182 1316 3245 alter

268 3269 343 3348 deus,
373 3291 466 3352 quam
496 3273 554 3335 sim
583 3275 684 3353 ego?“
745 3273 815 3336 lliis
845 3273 983 3353 cogitatis
1013 3271 1169 3335 dormiuit.
1224 3273 1315 3335 blane

182 3430 183 3433 Ἴ
229 3372 329 3423 novero
364 3362 505 3439 surrexit,
548 3362 671 3426 uocauit
708 3363 819 3425 milites
856 3379 932 3426 suos
969 3380 1004 3424 ac
1041 3365 1157 3425 ceteros
1195 3366 1224 3423 et
1260 3361 1315 3424 ait:

182 3492 183 3529 ,
271 3449 440 3528 ‚Karissimi
465 3451 584 3514 bonum
608 3456 653 3515 est
668 3451 771 3515 cibum
788 3469 918 3528 sumere,
943 3451 1015 3530 quia
1035 3450 1129 3514 hodie
1145 3450 1183 3514 ad
1202 3469 1315 3514 uenan-

182 3556 183 3630 χ
267 3536 329 3600 dum
350 3540 423 3602 volo
446 3556 599 3620 pergere.u
649 3541 694 3603 llli
717 3559 791 3604 vero
816 3541 908 3621 parati
933 3545 1017 3603 erant
1040 3540 1106 3603 eius
1129 3540 1314 3604 voluntatem

183 3646 184 3716 l
266 3627 428 3708 adimplere.
467 3629 549 3693 Cibo
572 3635 697 3710 sumpto
719 3630 758 3693 ad
783 3630 960 3692 uenandum
986 3634 1190 3710 perrexerunt.
1230 3630 1314 3692 Dum

183 3718 184 3729 ¹
266 3733 327 3780 vero
348 3719 513 3798 imperator
535 3719 704 3799 equitassel,
736 3719 819 3782 calor
844 3719 1055 3782 intollerabilis
1084 3719 1212 3800 arripuit
1234 3737 1314 3797 eum,

229 3803 292 3866 min
311 3811 423 3870 tantum
448 3808 533 3887 quod
563 3808 724 3872 videbatur
746 3809 805 3872 sibi
829 3809 917 3886 mori,
949 3809 1006 3872 nisi
1035 3809 1066 3871 in
1097 3827 1177 3888 aqua
1204 3807 1315 3888 frigida

265 3901 353 3973 posset
390 3896 533 3960 balneari.
581 3897 729 3978 Respexit,
767 3916 785 3960 a
823 3898 916 3976 longe
954 3897 1030 3961 vidit
1066 3916 1176 3976 aquam
1217 3897 1315 3961 latam.

266 3982 337 4048 Dixit
365 3985 514 4050 militibus
543 3987 620 4050 suis:
657 3988 738 4052 „llic
772 3987 959 4064 remaneatis,
994 4003 1159 4067 quousque
1186 3985 1225 4048 ad
1258 4002 1315 4049 uos

184 4099 185 4124 r
264 4075 405 4137 veniaml⁴⁴
443 4075 594 4139 Percussit
616 4075 800 4138 dextrarium
825 4094 896 4139 cum
920 4076 1089 4140 calcaribus
1104 4072 1186 4137 etad
1202 4092 1313 4153 aquam

264 4162 427 4226 festinanter
449 4166 603 4244 equitauit.
643 4165 691 4227 De
714 4183 797 4244 equo
820 4165 985 4242 descendit,
1010 4163 1114 4228 omnia
1137 4161 1314 4224 vestimenta

228 4251 402 4334 mdeposuit,
425 4271 535 4333 aquam
561 4254 683 4316 intrauit
697 4258 726 4316 et
741 4253 857 4316 tamdiu
882 4253 998 4316 ibidem
1022 4249 1173 4323 remansit,
1199 4267 1313 4329 quous-
