3525 5025
657 547 877 604 „67-

214 734 414 796 unprocessum
437 719 608 783 declaravit.
643 720 680 781 Et
703 719 850 782 miserunt
873 736 932 799 pro
946 736 985 782 eo
1008 723 1038 781 et
1053 719 1110 799 ipsi
1135 719 1300 799 interroga-

256 811 349 869 verunt
360 808 399 871 ab
413 827 459 887 eo,
483 809 554 889 quis
570 813 600 871 et
615 808 700 871 unde
715 813 800 885 esset,
824 812 853 871 et
868 826 964 888 quare
978 808 1017 871 ad
1033 812 1142 872 terram
1159 808 1299 872 venisset

256 893 308 967 Qui
328 895 412 959 dixit:
434 897 548 961 Scitote
571 898 721 978 quoniam
744 914 814 960 sum
837 897 923 961 iilius
945 897 1012 960 talis
1032 897 1113 977 regis
1136 896 1300 977 magnifici,

255 1001 307 1061 quo
327 990 445 1049 mortuo
459 987 551 1049 trater
567 987 643 1048 mihi
660 986 746 1065 regni
763 1004 916 1067 usurpans
931 990 1033 1049 motus
1048 992 1093 1049 est
1109 1004 1158 1049 me
1173 985 1301 1067 perdere

255 1077 279 1133 et
296 1075 436 1153 expellere
458 1076 498 1138 de
521 1093 633 1155 regno;
657 1079 686 1137 et
700 1075 811 1138 timens
826 1075 892 1155 fugi
908 1074 946 1138 ad
963 1080 1072 1138 terram
1090 1080 1229 1138 vestram.
1266 1076 1302 1138 Et

215 1176 245 1221 ru
255 1161 393 1227 audientes
416 1164 476 1227 hoc
499 1163 635 1245 quidam,
660 1164 713 1244 qui
729 1168 942 1244 cognoverunt
956 1169 1070 1246 patrem
1087 1182 1188 1243 suum,
1204 1164 1301 1228 eleva-

255 1256 349 1314 verunt
367 1271 475 1316 vocem
498 1271 586 1316 suam
611 1254 759 1316 dicentes:
787 1253 876 1316 Vivat
898 1271 957 1330 rex,
986 1254 1067 1316 vivat
1090 1255 1156 1317 rex!
1203 1253 1300 1328 Quod

255 1340 351 1418 placuit
364 1342 510 1405 omnibus
525 1346 555 1405 et
570 1343 671 1423 ipsum
689 1342 719 1404 in
737 1360 840 1422 regem
858 1343 1087 1421 constituerunt,
1104 1348 1133 1405 et
1148 1342 1303 1406 duxerunt

255 1427 342 1507 ipsum
363 1451 417 1511 per
443 1431 604 1510 civitatem,
637 1437 671 1494 ut
698 1432 793 1494 moris
816 1437 887 1495 erat.
936 1432 1064 1494 Etcum
1093 1431 1302 1512 pervenissent

254 1516 286 1578 ad
300 1525 408 1598 portam
426 1521 562 1597 civitatis,
587 1519 664 1583 vidit
678 1538 744 1583 eam
760 1538 822 1601 que
836 1520 1020 1600 scripserant
1034 1520 1122 1598 socii;
1147 1520 1302 1583 mandavit

214 1608 333 1670 mscdbi
358 1610 442 1689 quod
470 1608 640 1689 prudentia,
672 1609 876 1690 pulchritudo
908 1610 1075 1673 intellectus
1098 1613 1127 1673 et
1153 1608 1299 1690 quiequid

255 1694 318 1758 boni
343 1699 458 1762 homini
486 1698 611 1761 advenit
636 1698 737 1761 adeo
768 1698 1006 1778 predestinatum
1030 1704 1083 1761 est
1130 1700 1165 1760 Et
1187 1698 1300 1761 iactum

255 1788 298 1860 est
318 1805 381 1849 cum
405 1788 523 1850 veniret
545 1787 583 1850 ad
608 1786 747 1864 domum,
772 1787 855 1850 misit
877 1805 935 1869 pro
955 1788 1047 1851 sociis
1069 1787 1134 1851 suis
1157 1805 1302 1851 enarrans

255 1871 318 1952 ipsis
338 1876 408 1955 quid
432 1877 492 1941 sihi
515 1876 665 1939 acciderat
678 1895 696 1939 a
711 1875 816 1939 divina
836 1876 1101 1957 predestinatione,
1125 1876 1302 1957 glorificans

255 1966 279 2023 et
297 1963 415 2028 laudans
438 1966 533 2028 deum
556 1965 596 2029 de
619 1984 674 2029 sua
696 1966 800 2046 gratia¹

215 2064 246 2110 m
333 2053 401 2117 Post
424 2056 481 2118 hec
508 2073 582 2118 vero
610 2055 685 2117 dixit
713 2054 933 2135 philosophus:
961 2054 1025 2118 Viri
1049 2054 1250 2134 intelligentes
1273 2058 1303 2119 et

256 2141 388 2220 sapientes
419 2145 535 2208 debent
560 2144 643 2207 scire⁴
660 2149 690 2207 et
716 2144 848 2222 credere,
879 2143 965 2224 quod
994 2144 1136 2207 universa
1162 2143 1303 2207 ordinata

256 2233 280 2289 et
297 2230 436 2312 disposita
457 2237 531 2296 sunt
552 2252 570 2295 a
593 2234 699 2297 divino
720 2234 920 2313 beneplacito,
943 2236 972 2297 et
995 2232 1099 2295 nullus
1122 2236 1221 2313 potest
1243 2232 1302 2295 sibi

256 2317 358 2383 bonum
380 2322 593 2403 approximare
617 2341 674 2385 nec
697 2323 812 2385 malum
836 2323 989 2402 elongare,
1012 2320 1067 2385 sed
1083 2325 1179 2384 totum
1204 2321 1302 2385 adeo

256 2415 386 2488 musatur,
415 2416 444 2474 et
471 2412 536 2491 ipse
563 2411 649 2491 quod
680 2412 745 2473 vult
771 2412 834 2491 agit
861 2411 892 2473 in
924 2410 983 2474 illis
1009 2415 1039 2473 et
1068 2410 1186 2491 perlicit
1215 2409 1302 2490 quod

216 2493 377 2564 etintendit
421 2501 619 2582 Quapropter
641 2500 771 2581 quilibet
793 2504 912 2564 tenetur
935 2499 995 2565 deo
1018 2498 1175 2564 confidere
1199 2503 1227 2563 et
1243 2500 1303 2563 hoc

257 2588 371 2667 credere,
393 2591 540 2670 quoniam
564 2608 671 2653 verum
695 2595 748 2654 est.

688 2821 850 2830 ——-—

418 2961 470 3028 ll.
506 2961 659 3030 ltlsturla
679 2960 720 3031 da
744 2961 876 3046 septam
901 2959 1121 3046 saplentltus.

685 3103 730 3156 (ed.
745 3101 865 3156 Budaner.)

717 3232 825 3240 ———-

385 3322 489 3401 incipit
512 3321 646 3402 hystoria
671 3322 743 3387 .Vll.
766 3321 938 3402 sapientum
963 3321 1022 3400 (Βὶ.
1049 3321 1162 3400 l38r.).

334 3480 505 3546 Poucianus
532 3482 563 3544 in
592 3482 709 3546 civitate
737 3481 835 3551 Roma
863 3481 1008 3560 regnauit,
1040 3481 1178 3562 prudens
1205 3480 1303 3544 valde.

260 3564 557 3639 minorennium
575 3573 656 3652 regis
673 3571 885 3640 Romanorum
902 3570 1023 3650 accepit,
1041 3570 1199 3650 pulchram
1216 3569 1305 3632 valde

259 3671 288 3716 ac
314 3662 422 3724 occulis
456 3661 620 3724 hominum
659 3660 844 3740 graciosam,
884 3677 977 3738 quam
1018 3660 1148 3722 multum
1189 3659 1303 3722 dilexit.

261 3742 416 3826 inperatrix
450 3750 591 3830 concepit
624 3755 653 3813 et
682 3750 781 3811 lilium
813 3748 1055 3829 pulcherrimum
1091 3749 1220 3829 peperit,
1255 3747 1304 3810 cui

232 3845 356 3900 unomen
384 3839 618 3920 Dyoclecyanus
645 3842 708 3901 erat
735 3838 923 3919 impositum.
972 3837 1078 3900 Creuit
1105 3856 1182 3919 puer
1210 3841 1239 3900 et
1266 3837 1304 3899 ab

261 3926 387 3991 omnibus
414 3929 553 3992 dilectus.
599 3927 682 3991 Cum
710 3946 784 3991 vero
814 3928 887 3990 .Vll.
916 3945 1069 3990 annorum
1094 3929 1180 4003 esset,
1212 3929 1306 3987 mater

260 4027 339 4092 vsque
366 4018 404 4080 ad
440 4020 570 4080 mortem
602 4017 826 4095 infirmabatur,
858 4017 1029 4096 vidensque
1059 4014 1144 4095 quod
1175 4013 1305 4078 euadere

261 4115 311 4164 nun
332 4112 438 4184 posset,
463 4107 611 4169 nuncium
635 4106 810 4187 imperatori
835 4105 1005 4181 destinauit,
1037 4109 1070 4166 ut
1092 4103 1151 4166 cito
1175 4104 1214 4166 ad
1238 4121 1304 4164 eam

261 4193 402 4258 accederet.
451 4197 617 4276 Imperator
639 4213 714 4258 vero
743 4195 842 4257 statim
870 4194 910 4256 ad
938 4212 1004 4256 eam
1033 4192 1124 4254 venit.
1172 4191 1243 4264 Que
1261 4192 1307 4254 ait

222 4287 241 4330 10
261 4277 292 4339 ei:
320 4283 471 4348 „Domine
495 4284 545 4362 mi,
578 4285 617 4346 de
647 4285 703 4346 hac
731 4283 906 4345 infirmitate
933 4280 1063 4344 euadere
1094 4298 1158 4343 non
1187 4283 1304 4359 potero.

1147 4397 1182 4447 5.
