3525 5025
835 520 1034 573 ,4.-

666 690 727 754 telo
750 694 845 753 tactus
869 687 1080 751 occumbebat.

668 796 749 857 mox,
772 776 880 841 eiiusis
902 774 1052 839 intestinis

617 886 645 931 ao
667 872 757 949 caput
778 865 876 929 avulsi
900 884 971 929 cum
993 869 1062 929 cute
1085 865 1187 928 cruda

940 1061 976 1125 V.

667 1185 813 1267 Cumque
836 1202 941 1249 cesum
966 1203 1060 1249 manu

668 1276 816 1338 levaretur
838 1278 937 1355 caput

668 1364 729 1427 lesa
750 1382 824 1427 aure
850 1362 1056 1427 effunduntur

668 1452 766 1516 mellis
789 1452 887 1516 modii
910 1453 1045 1532 ceuteui;

617 1561 645 1607 25
667 1542 830 1623 sauciaque
853 1542 937 1604 auris
960 1546 1035 1605 tacta

667 1629 794 1693 totidem
819 1630 955 1710 pisarum
980 1631 1069 1709 fudit,

668 1719 784 1798 quibus
806 1719 885 1781 intra
907 1719 1018 1799 pellem
1042 1721 1158 1798 strictis,

670 1810 757 1889 lepus
780 1808 848 1889 ipso
871 1808 949 1871 dum
972 1814 1091 1873 secatur

669 1897 825 1977 crepidine
848 1915 970 1960 summa
992 1899 1089 1962 caude

619 2008 647 2053 ³0
670 1988 783 2049 kartam
807 1986 923 2066 regiam
947 1986 1088 2050 latentem
1111 1988 1186 2070 cepi,

936 2183 985 2246 Vl.

670 2308 742 2382 Que
764 2324 888 2371 servum
911 2311 940 2370 te
963 2306 1065 2371 firmat
1087 2327 1153 2373 esse
1176 2327 1290 2373 meum.

671 2397 844 2476 ‚Mentitur¹,
868 2396 978 2459 clamat
999 2415 1060 2475 rex,
1084 2399 1174 2474 ,turta
1196 2401 1226 2462 et
1248 2400 1300 2462 tu‘.

671 2486 721 2551 Sic
744 2504 815 2567 rege
838 2485 956 2564 deluso,
980 2484 1100 2551 Suevus

671 2576 745 2641 falsa
768 2594 863 2655 gener
886 2575 990 2655 regius
1012 2579 1057 2638 est
1078 2581 1141 2639 arte
1163 2577 1267 2640 iactus.

741 2861 775 2925 tt.
812 2860 936 2930 Paulus
961 2858 1138 2930 [lincurius.

653 2987 790 3051 Fabula
812 2986 855 3049 de
878 2987 998 3051 vitulo
1021 2991 1055 3050 et
1077 2986 1227 3051 ciconia.

726 3105 803 3160 (Poeta
816 3105 879 3151 latini
894 3107 942 3151 aevi
957 3107 1050 3152 carolini
1066 3107 1083 3160 1,
1099 3107 1142 3162 ⁶4.)

540 3219 697 3295 Querebat
719 3237 841 3283 merens
864 3223 991 3282 matrem
1015 3238 1070 3300 per
1093 3223 1177 3300 prata
1199 3217 1334 3282 vitellus:

584 3309 737 3373 Cruribus
760 3309 832 3373 huic
856 3308 958 3390 longis
981 3309 1074 3373 obvia
1096 3308 1179 3372 veuit
1200 3307 1272 3383 avis,

541 3399 637 3463 Dicit:
660 3400 703 3476 ,lo
727 3398 825 3476 frater,
849 3416 904 3462 cur
925 3398 1018 3462 tristis
1040 3403 1162 3479 pectore
1185 3397 1295 3476 mugis,

584 3488 639 3551 Vel
663 3505 718 3551 cur
740 3488 878 3551 turbatus
901 3487 1013 3551 florida
1036 3506 1106 3550 rura
1128 3486 1225 3550 teris?

504 3593 518 3640 s
541 3577 602 3641 Cui
626 3577 670 3640 sic
689 3577 860 3658 respoudit:
885 3576 997 3655 ,Sor0r,
1022 3580 1066 3639 est
1087 3577 1148 3656 iam
1171 3574 1256 3638 tertia
1279 3591 1362 3637 nuuc
1386 3573 1447 3652 lux,

586 3665 682 3741 Quod
706 3665 752 3730 lac
775 3684 838 3730 nou
862 3666 944 3747 tetigi
969 3670 997 3729 et
1019 3666 1204 3729 famulentus
1227 3681 1273 3727 eo.

541 3756 642 3819 Verba
665 3754 755 3818 refert
777 3755 854 3820 ales:
881 3756 939 3833 ,Ne
963 3772 1050 3818 cures
1072 3754 1149 3832 talia,
1172 3754 1312 3817 demens:

586 3846 665 3908 Nam
690 3845 762 3924 quia
786 3862 850 3908 non
873 3845 942 3906 suxi
965 3844 1070 3906 tertius
1091 3861 1192 3907 annus
1214 3842 1294 3905 abit‘.

541 3933 590 3997 Ad
614 3951 706 4013 quam
731 3932 908 4014 indignatus
930 3932 1026 3996 fertur
1048 3931 1161 3995 dixisse
1183 3931 1315 3995 vitellus:

491 4040 519 4086 10
586 4021 670 4102 ‚Quo
693 4022 735 4086 sis
759 4027 841 4103 pasta
864 4021 944 4100 cibo,
967 4039 1006 4084 eu
1029 4024 1080 4083 tua
1103 4039 1191 4084 crura
1213 4020 1341 4083 doceut'.
