3525 5025
775 523 1020 580 -206-

366 713 469 776 nosce,
499 703 529 762 et
551 697 738 762 liberaberis
784 696 849 771 Qui
879 696 923 760 ait
944 697 1030 777 quod
1062 697 1194 761 ballivus
1223 696 1353 761 duxerat
1383 715 1443 761 eos

366 785 406 851 de
428 789 518 852 nocte
531 785 571 850 ad
592 786 712 851 ioveem
729 787 843 851 mortui
862 786 952 867 cujus
968 785 1064 849 iuerat
1078 787 1182 864 vinea;
1209 791 1246 866 et,
1270 787 1442 850 exhumato

313 895 354 942 ns
368 892 507 957 corpore,
542 875 676 940 ballivus
706 876 823 958 accepit
855 893 967 940 manus
1000 876 1075 956 eius,
1110 875 1228 940 dicens:
1262 877 1329 956 Ego
1363 893 1440 938 emo

367 965 489 1028 vineam
512 969 595 1028 tuam
618 964 679 1029 sub
702 964 878 1030 testimonio
902 965 1040 1043 istorum,
1065 965 1123 1029 isto
1138 965 1247 1046 pretio.
1282 964 1318 1027 Et
1333 965 1442 1045 posuit

368 1053 530 1134 pecuniam
558 1070 654 1134 super
680 1057 794 1136 pectus,
824 1053 986 1117 etiterum
1016 1053 1187 1134 reportavit,
1219 1057 1248 1116 et
1270 1054 1301 1115 in
1325 1058 1439 1116 terram

368 1143 477 1206 iterum
502 1147 715 1223 reposuerunt
759 1142 848 1206 Tune
870 1161 924 1205 rex
938 1142 1059 1206 vocavit
1079 1143 1183 1220 alium,
1207 1142 1261 1222 qui
1278 1142 1338 1206 hoc
1353 1141 1438 1205 idem

369 1231 557 1312 recognovit
602 1229 787 1296 Concordes
807 1232 910 1312 jurare
931 1231 1085 1311 iudicavit,
1108 1235 1145 1308 et,
1169 1231 1291 1312 penitus
1314 1232 1441 1294 veritate

314 1339 354 1386 rao
369 1320 533 1401 reoognlta,
556 1320 704 1383 ballivum
727 1320 827 1384 statim
850 1319 998 1401 suspendi
1021 1320 1099 1397 fecit,
1122 1323 1153 1383 et
1166 1320 1286 1383 vineam
1309 1319 1442 1383 restituit

369 1408 499 1488 mulieri,
522 1428 583 1490 que
606 1410 638 1473 in
662 1413 761 1473 morte
783 1427 850 1471 eam
875 1409 986 1490 legavit
1008 1409 1082 1489 regi.
1130 1408 1195 1478 Rex
1217 1413 1317 1473 autem
1346 1408 1378 1471 in
1401 1425 1441 1471 ea

368 1497 514 1579 capellam
537 1497 673 1562 edificari
701 1497 772 1561 iecit
794 1502 823 1560 et
845 1497 968 1576 dotavit,
996 1502 1026 1561 et
1053 1497 1175 1561 cuidam
1205 1498 1353 1579 nepotulo
1376 1514 1440 1560 suo

367 1585 461 1651 aean

758 1711 786 1774 s.
827 1711 880 1791 [ε
905 1709 935 1774 s.
960 1709 1043 1790 244]

459 1852 542 1916 idem
574 1853 638 1934 [rex
663 1852 835 1934 Philippus]
873 1852 1005 1916 habebat
1026 1870 1193 1934 pauperem
1217 1853 1360 1917 clericum
1382 1855 1440 1934 qui

314 1963 355 2009 res
370 1942 466 2023 pedes
498 1942 684 2022 sequebatur
717 1941 864 2023 capellam
898 1959 995 2005 suam.
1043 1943 1078 2004 Et
1107 1941 1240 2022 quadam
1271 1942 1330 2020 die,
1365 1961 1439 2006 cum

369 2036 488 2096 vacaret
509 2049 582 2094 cura
605 2031 799 2107 Peronensis,
829 2048 892 2110 que
914 2030 993 2094 valet
1020 2030 1098 2094 drea
1121 2031 1304 2111 quingentas
1335 2031 1440 2110 libras,

368 2125 398 2184 et
419 2119 521 2184 clerici
544 2120 592 2184 sui
616 2119 776 2184 differrent
797 2119 826 2182 ei
850 2119 951 2184 dicere
973 2136 1072 2199 usque
1089 2123 1159 2200 post
1174 2119 1348 2200 prandium,
1372 2139 1441 2200 quo

367 2214 506 2290 tempore
530 2209 628 2288 magis
651 2208 729 2272 letus
751 2213 822 2287 erat,
846 2209 897 2272 ille
917 2208 1045 2272 clericus
1059 2226 1185 2290 pauper,
1208 2208 1317 2273 videns
1332 2227 1439 2290 regem

368 2298 470 2362 solum
493 2297 526 2360 in
549 2298 671 2378 capeth
695 2316 766 2361 eum
789 2302 935 2376 surgeret,
958 2297 1012 2360 ait:
1036 2297 1181 2375 Domine,
1205 2297 1364 2378 quoddam
1382 2298 1438 2361 be·

314 2386 516 2452 ueneficium
544 2390 628 2449 vacat
656 2386 740 2468 apud
770 2385 935 2464 Peronam;
966 2405 1024 2467 pro
1049 2386 1128 2464 Deo,
1159 2385 1322 2450 conferatis
1352 2386 1440 2450 milri.

370 2474 467 2552 Quod
488 2474 683 2553 beneficium,
714 2475 822 2556 inquit,
857 2477 924 2540 est?
959 2474 1131 2557 Respondit
1161 2475 1224 2540 ille:
1254 2475 1318 2550 Qui
1346 2475 1443 2540 habet

370 2566 445 2630 illud
461 2565 565 2629 firmat
578 2565 664 2643 ostia,
687 2565 788 2647 pulsat
802 2583 974 2647 campanas.
1021 2565 1170 2644 Libenter,
1191 2565 1298 2645 inquit,
1315 2565 1441 2630 habebo

369 2654 542 2720 consilium.
593 2654 642 2718 lld
666 2654 752 2735 quod
775 2654 917 2719 clericus:
957 2654 990 2719 Si
1013 2654 1131 2719 habetis
1153 2655 1327 2732 consilium,
1358 2672 1440 2718 nun-

371 2762 464 2824 quam
489 2744 621 2808 habebo.
645 2780 670 2787 -
698 2745 734 2807 Et
756 2748 835 2807 certe
858 2744 934 2808 nolo
957 2742 1070 2807 habere
1092 2743 1133 2806 de
1152 2748 1264 2822 cetero;
1287 2743 1341 2807 tibi
1365 2762 1441 2807 con-

315 2850 356 2897 us
371 2833 457 2900 cedo.
516 2832 589 2897 Post
617 2832 781 2914 prandium
811 2832 1028 2896 accedentibus
1058 2832 1174 2897 clericis
1204 2837 1234 2896 et
1255 2832 1439 2913 petentibus,

370 2921 530 3005 respondit
556 2940 590 2987 se
611 2921 734 2987 dedisse
757 2922 867 2986 clerico
891 2922 950 2985 tali.
1004 2921 1241 3003 Responderunt
1263 2921 1349 3003 quod
1373 2940 1438 2987 non

370 3016 433 3075 erat
461 3015 550 3092 aptus
579 3010 619 3074 ad
648 3010 706 3074 tale
737 3010 932 3089 beneficium,
972 3010 1129 3090 quoniam,
1173 3010 1324 3092 inquiunt,
1359 3012 1440 3075 valet

371 3101 555 3181 quingentas
578 3100 671 3163 libras
692 3100 741 3163 vel
764 3100 850 3164 circa.
870 3135 898 3144 ·-
914 3100 1029 3165 Verum
1046 3099 1122 3162 dixit
1138 3099 1226 3162 mihi:
1250 3099 1276 3163 si
1293 3100 1438 3163 haberem

371 3188 544 3265 consilium,
568 3207 632 3252 non
648 3189 785 3252 haberet:
808 3188 862 3251 sed
879 3205 971 3252 suum
989 3193 1040 3252 est
1088 3189 1124 3252 Et
1139 3187 1197 3251 tuit
1212 3189 1316 3252 valens
1333 3189 1439 3253 lromo.

752 3337 780 3395 a.
829 3330 882 3411 [=
907 3330 937 3394 s.
962 3331 1047 3412 ars]

317 3474 357 3520 uo
462 3456 538 3536 Regi
556 3456 702 3538 Philippo
721 3456 804 3520 eunti
825 3474 881 3538 per
896 3455 977 3518 viam
998 3456 1135 3521 obviavit
1148 3455 1275 3537 quidam
1292 3455 1439 3534 ribaldus,

371 3551 400 3609 et
430 3545 514 3626 petiit
543 3545 753 3623 elemosinam,
787 3545 860 3627 quia
895 3548 958 3608 erat
986 3549 1135 3625 cognatus
1169 3546 1244 3626 ejus.
1302 3545 1346 3607 Ex
1368 3562 1439 3625 qua,

372 3635 480 3717 inquit,
504 3636 609 3716 parte?
634 3634 816 3716 Respondit:
841 3634 890 3698 De
905 3633 1013 3697 Adam.
1061 3634 1118 3713 Da,
1134 3633 1241 3715 inquit,
1257 3633 1285 3697 ei
1300 3633 1440 3697 obolum.

372 3724 556 3806 Respondit:
580 3726 654 3789 Non
677 3724 797 3789 donum
821 3723 951 3804 regium.
997 3722 1029 3787 Si
1052 3728 1179 3803 tantum,
1203 3722 1311 3802 inquit,
1334 3721 1439 3785 darem

371 3814 496 3879 cuilibet
521 3813 680 3895 attingenti
703 3813 779 3877 milri
802 3812 843 3877 de
865 3830 978 3893 genere
1001 3830 1038 3875 ex
1062 3812 1117 3876 ista
1139 3816 1231 3894 parte,
1261 3810 1339 3874 nihil
1363 3810 1439 3874 mihi

317 3920 359 3967 un
374 3906 551 3967 remaneret

462 3992 546 4056 idem
583 3991 659 4071 [rex]
707 3990 833 4055 clericos
881 4007 1032 4072 pauperes
1069 3989 1200 4053 habebat
1238 3990 1269 4053 in
1304 3989 1439 4069 quadam

373 4098 480 4145 mensa
509 4097 613 4145 coram
647 4096 690 4143 se.
750 4080 785 4141 Et
818 4080 928 4144 videns
962 4080 993 4143 in
1028 4078 1091 4141 line
1122 4096 1227 4143 mense
1260 4094 1358 4141 unum
1387 4076 1441 4140 de-

373 4173 537 4248 ponentem
562 4184 721 4247 caponem,
744 4166 827 4247 apud
850 4186 883 4230 se
899 4168 1018 4231 vocavit
1038 4167 1069 4229 in
1085 4171 1210 4245 secreto,
1234 4166 1439 4247 interrogans:

373 4255 476 4327 Quam
492 4254 649 4313 scientiam
665 4252 800 4313 auditis?
822 4254 886 4313 nit:
911 4253 1123 4329 Theologiam.
1148 4288 1174 4297 -
1199 4256 1314 4317 Nonne
1329 4254 1442 4319 dicitur

1022 4354 1093 4453 s
