3525 5025
798 515 1042 573 -198-

387 685 475 750 dives
496 690 638 768 quereret
662 686 703 750 ab
735 702 833 751 uxore
863 687 1007 768 pauperis
1041 687 1117 768 quid
1140 685 1188 750 vir
1215 705 1292 752 suus
1320 688 1460 767 haberet,

387 775 442 856 qui
472 791 537 840 non
566 773 749 839 audiebatur
781 775 860 840 ultra
887 779 1018 854 mnbns,
1053 781 1082 840 et
1111 775 1163 839 illa
1190 781 1337 842 assereret
1368 778 1461 858 quod

389 869 542 945 pateretur
563 863 595 927 in
626 863 760 943 renibus,
789 864 843 928 ait:
877 865 964 944 ..ego
993 866 1114 928 veniam
1145 869 1174 929 et
1203 866 1320 930 curabo
1351 881 1457 930 reum.a

390 953 427 1016 lit
446 951 595 1018 accedens
616 957 648 1018 et
668 953 835 1034 pecunium
858 971 946 1017 suam
967 960 1106 1034 repetens
1128 958 1159 1017 et
1180 959 1347 1036 reportans,
1372 956 1459 1019 resti-

334 1059 378 1108 sru
391 1047 455 1106 tuta
475 1045 522 1106 est
551 1041 677 1124 pauperi
705 1041 803 1123 quies,
833 1042 961 1124 pristina
990 1043 1101 1108 sanitas
1123 1047 1154 1107 et
1179 1041 1354 1123 jocunditas
1384 1061 1458 1108 cum

389 1147 535 1213 sompno.

765 1261 817 1321 aa.
854 1256 909 1336 [--
932 1254 964 1321 s.
990 1255 1073 1338 rsa]

478 1380 591 1444 Audivi
622 1380 710 1462 quod
739 1381 867 1462 quidam
896 1399 1027 1462 magnus
1058 1381 1201 1462 magister
1230 1381 1262 1445 in
1294 1382 1461 1447 litteratura

391 1470 499 1534 habuit
519 1469 706 1551 discipulum
730 1470 868 1535 nobilem
891 1487 1012 1550 genere,
1035 1471 1089 1551 qui
1112 1470 1233 1535 dicebat
1254 1489 1328 1552 sepe
1351 1489 1459 1535 coram

391 1559 537 1640 magistro
551 1576 611 1624 suo
626 1559 712 1639 quod
729 1559 865 1641 episcopi
879 1559 1005 1625 Francie
1020 1560 1081 1624 ceci
1097 1563 1189 1638 erant,
1205 1559 1260 1640 qui
1277 1560 1460 1640 magistrum

335 1666 378 1714 een
392 1651 508 1711 tantum
532 1648 675 1713 clericum
705 1666 768 1713 non
797 1650 947 1713 vocabant
975 1649 1014 1711 ad
1043 1648 1193 1713 beneficia
1220 1648 1460 1730 prebendarum.

392 1736 455 1811 Qui
484 1755 554 1800 cum
582 1737 679 1801 iactus
705 1741 784 1802 esset
809 1738 982 1819 episcopus,
1012 1737 1132 1802 vocavit
1161 1741 1289 1819 nepotes
1316 1754 1392 1802 suos
1419 1738 1460 1800 ad

392 1825 542 1890 beneficia
574 1825 785 1903 ecclesiastica,
820 1826 967 1906 magistro
1002 1830 1189 1908 contempto.
1249 1826 1351 1905 Unde,
1386 1844 1460 1890 cum

392 1914 457 1995 ipse
487 1915 520 1978 in
551 1915 684 1996 quadam
715 1915 911 1997 processione
941 1913 1021 1979 clara
1051 1915 1118 1980 luce
1147 1919 1238 1993 esset,
1268 1916 1402 1980 occurrit
1430 1917 1461 1979 ei

391 2002 492 2067 dictus
514 2004 658 2084 magister
679 2022 756 2069 suus
778 2021 849 2068 curn
872 2004 1000 2068 duobus
1022 2004 1126 2068 torciis
1147 2005 1311 2081 succensis,
1335 2009 1365 2067 et
1387 2023 1460 2068 cum

337 2111 378 2158 aar
393 2109 518 2156 causam
543 2093 636 2174 hujus
658 2093 727 2157 iacti
751 2093 918 2174 requireret
932 2092 1105 2175 episcopus,
1128 2094 1180 2157 ait:
1208 2093 1375 2172 „Domine
1398 2093 1462 2158 hoc

392 2181 464 2245 ideo
488 2181 553 2260 ieci,
582 2187 616 2246 ut
638 2182 782 2263 repellam
805 2201 823 2244 a
846 2182 937 2247 vobis
959 2182 1112 2246 cecitatem
1136 2200 1231 2264 quam
1253 2182 1404 2247 videbatis
1427 2182 1460 2245 in

341 2295 347 2304 ·
392 2270 468 2348 aliis,
490 2271 546 2351 qui
569 2289 619 2335 me
635 2289 699 2336 non
715 2272 876 2346 vocabant;
900 2274 1016 2335 tantum
1037 2271 1185 2336 transistis
1199 2290 1237 2334 ex
1252 2271 1461 2353 acquisicione

393 2360 522 2425 honoris
544 2365 574 2423 et
595 2360 784 2439 diviciarum,
808 2365 841 2424 ut
863 2379 928 2425 non
951 2360 1078 2425 videatis
1101 2361 1133 2425 in
1156 2361 1246 2426 vobis
1265 2360 1351 2425 dives
1371 2361 1461 2442 quod

393 2448 542 2514 videbatis
564 2449 596 2513 in
619 2449 686 2514 aliis
709 2469 826 2532 pauper
847 2455 918 2515 ante
940 2449 1165 2533 episcopatum!
1183 2493 1191 2515 .
1208 2493 1238 2515 ..

767 2617 820 2677 34.
856 2612 910 2692 [=
934 2612 965 2677 s.
991 2612 1079 2692 aar]

338 2753 380 2799 eoo
485 2735 645 2804 Referebat
670 2736 815 2816 magister
837 2736 1006 2800 Nicholaus
1033 2736 1073 2799 de
1097 2736 1307 2819 flavin[iacol,
1339 2736 1369 2799 in
1396 2754 1461 2799 ser·

394 2841 487 2889 mone
510 2824 658 2905 quodam,
689 2824 928 2907 quodquidam
959 2842 1048 2889 cecus
1071 2843 1189 2907 pauper
1215 2826 1255 2889 de
1284 2824 1461 2888 elemosinis

393 2914 452 2978 sibi
487 2912 565 2977 datis
598 2915 797 2995 congregavit
831 2914 1003 2995 pecuniam,
1038 2915 1221 2978 subtrahens
1256 2932 1307 2977 eas
1342 2912 1397 2991 ori,
1430 2917 1462 2976 et

393 3002 554 3067 vendebat.
609 3003 674 3078 Qui
709 3003 805 3067 iactus
839 3003 998 3067 usurarius
1031 3004 1233 3068 accumulavit
1267 3003 1394 3066 multam
1427 3002 1460 3064 in

393 3092 492 3172 archa,
516 3092 592 3155 nulli
616 3093 722 3157 sinens
744 3093 788 3157 ibi
810 3098 944 3173 tangere,
968 3109 1025 3155 nec
1047 3091 1181 3157 audebat
1194 3109 1261 3155 eam
1278 3092 1460 3169 diminuere,

339 3198 382 3247 uu
396 3180 450 3245 sed
473 3198 507 3243 se
529 3180 687 3261 affligebat
707 3182 823 3263 irigore
838 3187 868 3246 et
883 3182 1019 3246 nuditate
1042 3186 1072 3244 et
1093 3181 1182 3244 farne.
1223 3182 1351 3244 Etcum
1374 3180 1462 3244 solus

393 3269 503 3349 iaceret
537 3271 568 3332 in
608 3288 727 3334 camera
761 3272 792 3334 in
828 3289 890 3353 qua
922 3276 986 3335 erat
1019 3270 1161 3351 pecunia,
1195 3270 1341 3351 surgebat
1372 3273 1462 3333 nocte

395 3357 503 3436 media,
527 3364 563 3436 et,
586 3359 728 3441 aperiens
750 3360 881 3437 archam,
905 3360 1110 3424 delectabatur
1124 3359 1247 3439 singula
1261 3359 1418 3423 tractando
1432 3361 1464 3421 et

395 3447 621 3514 considerando
645 3452 674 3513 et
701 3450 911 3530 computando
937 3450 963 3512 si
993 3449 1098 3513 omnia
1131 3448 1173 3511 ibi
1204 3452 1305 3511 essent
1332 3446 1462 3527 integre;

395 3541 424 3601 et
446 3538 589 3602 audiebat
612 3539 654 3604 ibi
678 3557 787 3604 vocem
811 3538 897 3619 quod
929 3537 960 3600 in
992 3538 1042 3601 illa
1073 3536 1202 3618 pecunia
1232 3536 1308 3599 nihil
1337 3537 1464 3600 haberet

341 3644 382 3692 nuo
397 3632 425 3692 et
448 3628 534 3709 quod
559 3627 703 3693 inutiliter
726 3627 824 3692 deca
846 3627 1000 3708 gauderet,
1024 3644 1094 3691 curn
1114 3629 1193 3691 esset
1208 3625 1285 3690 labri
1301 3624 1462 3705 cuiusdam

396 3718 522 3781 civitatis
549 3719 735 3799 propinque.
782 3717 880 3792 Quod
908 3734 997 3781 cecus
1028 3734 1101 3796 sepe
1131 3715 1261 3780 audiens
1288 3718 1317 3778 et
1343 3713 1462 3791 dolens,

397 3807 503 3870 maluit
524 3824 590 3869 eam
615 3806 744 3887 perdere
767 3824 861 3887 quam
884 3806 923 3870 ad
955 3806 1041 3870 illurn
1071 3804 1236 3868 deveniret.
1284 3803 1365 3867 Fecit
1386 3820 1464 3883 ergo

396 3895 462 3959 todi
486 3895 655 3958 maximum
685 3901 828 3959 buncum
852 3896 906 3976 qui
936 3895 1054 3958 eratin
1078 3894 1175 3958 domo
1204 3910 1268 3971 sua,
1299 3895 1329 3954 et
1350 3891 1463 3955 dictam

397 3985 556 4065 pecuniam
582 3984 625 4048 ibi
656 3984 785 4062 intrusit,
815 3988 846 4047 et
874 3983 1045 4066 precipitari
1076 3980 1146 4046 iecit
1168 4000 1235 4046 eam
1267 3981 1297 4043 in
1321 3980 1463 4058 fluvium,

342 4090 384 4138 au
399 4078 432 4137 ut
454 4074 536 4137 illius
559 4072 664 4138 nullus
691 4073 817 4137 haberet
838 4089 940 4136 usum.
987 4072 1156 4135 Piscatores
1178 4074 1288 4148 autem,
1316 4086 1372 4149 per
1394 4068 1464 4133 des-

398 4180 523 4224 censum
547 4161 635 4223 iluvii
652 4160 817 4242 piscacioni
833 4160 1033 4236 intendentes,
1057 4177 1128 4222 cum
1144 4176 1257 4239 sagena
1272 4161 1466 4221 extraxerunt

397 4247 511 4307 dictum
535 4252 678 4308 truncum
702 4252 732 4307 et
753 4249 952 4323 portaverunt
974 4247 1013 4306 ad
1030 4246 1112 4307 littus
1127 4246 1207 4309 dicte
1222 4246 1357 4310 civitatis
1398 4246 1464 4311 Ubi
