3525 5025
788 509 1035 566 -200—

379 683 531 762 sacerdos,
561 682 665 764 patum
688 680 820 759 elevans,
853 686 883 744 et
906 680 1022 744 intrans
1045 697 1132 745 more
1153 680 1254 759 solito,
1285 681 1396 744 cecidit
1419 682 1452 743 in

379 773 510 851 foveam,
540 777 570 835 et
599 771 692 852 lupus
720 787 792 833 eum
820 787 963 850 sequens.
1009 769 1155 834 Similiter
1177 769 1313 847 domina,
1347 788 1452 834 moras

325 879 367 926 ou
382 877 447 926 non
469 861 580 938 terens,
603 859 693 923 mittit
714 859 888 941 pediseoarn
912 858 951 922 ad
975 858 1172 937 sacerdotem,
1196 858 1264 922 tacti
1285 859 1450 938 consciam,

380 969 442 1031 que
457 948 597 1014 similiter
610 947 719 1012 occidit
736 947 769 1011 in
785 947 917 1012 toveam.
956 948 1101 1027 Domina,
1125 965 1227 1011 moras
1242 951 1315 1011 'non
1339 947 1450 1025 ferens,

380 1039 553 1121 pedisecarn
585 1038 703 1102 babens
733 1041 907 1118 suspectam
938 1035 978 1101 de
1007 1037 1172 1114 sacerdote,
1205 1036 1288 1100 vadit
1319 1036 1394 1099 illuc
1423 1041 1451 1100 et

380 1128 461 1192 cadit
482 1145 552 1192 curn
576 1127 653 1192 aliis,
701 1127 793 1190 Mane
815 1130 917 1189 autem
934 1125 1021 1204 iacto,
1045 1125 1134 1188 miles
1152 1125 1312 1188 inveniens
1327 1125 1449 1203 iactum,

380 1221 547 1282 convocata
575 1220 639 1280 tota
668 1215 787 1291 vicinia,
825 1214 940 1279 iactum
975 1214 1124 1296 exposuit,
1158 1217 1189 1276 et
1222 1231 1277 1278 eos
1310 1215 1451 1278 emittens

326 1323 368 1370 ooo
381 1324 485 1370 coram
514 1305 662 1369 omnibus
683 1303 832 1368 contudit
878 1303 929 1368 Sic
960 1320 1068 1368 omnes
1098 1302 1227 1367 adulteri
1258 1303 1308 1383 [et]
1340 1321 1451 1385 procu-

381 1401 505 1472 ratores,
534 1394 637 1476 primo
659 1392 801 1457 cadentes
828 1393 861 1456 in
889 1393 1010 1456 foveam
1038 1392 1159 1473 peccati,
1192 1391 1306 1455 deinde
1329 1393 1450 1470 inferni,

379 1502 399 1547 a
415 1484 485 1548 Deo
501 1483 533 1546 in
555 1482 672 1564 iudicio
687 1500 790 1547 coram
811 1481 960 1546 omnibus
979 1482 1154 1545 emittentur
1169 1485 1199 1544 et
1212 1481 1452 1545 confundentur.

756 1613 808 1671 sa.
849 1608 902 1688 [--
927 1605 957 1672 s.
983 1607 1068 1687 von]

472 1717 544 1780 ltem
568 1714 672 1779 audivi
695 1733 714 1778 a
735 1713 874 1795 quodam
897 1713 959 1778 alio
987 1713 1077 1778 tratre
1101 1713 1196 1795 quod,
1227 1733 1298 1777 cum
1323 1713 1451 1794 quidam

382 1805 555 1870 sollicitaret
585 1822 713 1868 uxorem
745 1802 905 1882 cuiusdam
935 1803 1107 1884 burgensis,
1140 1820 1198 1867 nec
1227 1821 1333 1884 pacem
1358 1804 1451 1882 daret,

327 1910 369 1956 aas
384 1895 435 1958 illa
456 1893 642 1975 significavit
663 1893 724 1956 hoc
747 1892 814 1956 viro
837 1909 910 1969 suo,
942 1909 1011 1972 que,
1043 1891 1082 1955 de
1105 1891 1236 1956 consilio
1260 1891 1324 1969 viri,
1356 1891 1454 1972 signi-

383 1981 644 2063 iicaviteiquod
669 1980 775 2044 indie
806 1980 890 2062 pleni
923 1980 982 2044 lori
1012 1981 1129 2044 veniret
1159 1980 1350 2044 balneandus
1380 1999 1452 2044 cum

383 2091 427 2151 ea,
461 2073 534 2154 quia
556 2076 630 2136 tuuc
659 2071 706 2134 vir
728 2088 804 2134 suus
832 2074 896 2133 erat
925 2069 1059 2134 intentus
1089 2069 1243 2134 mercibus
1270 2069 1452 2134 vendendis.

383 2161 448 2237 Qui
472 2161 579 2244 paruit,
612 2160 643 2223 in
667 2159 811 2223 balneum
835 2158 896 2222 sibi
925 2162 1063 2239 paratum
1087 2158 1210 2237 intrans,
1243 2158 1293 2221 illa
1315 2159 1453 2223 tardante

384 2251 507 2328 intrare,
545 2250 633 2331 quasi
671 2268 730 2330 pro
768 2247 900 2328 prandio
932 2247 1079 2328 parando.
1136 2248 1226 2313 Venit
1260 2247 1318 2325 vir,
1353 2248 1453 2311 sciens

328 2355 370 2401 ooo
384 2340 506 2418 tactum,
528 2338 687 2404 adducens
709 2355 814 2402 secum
840 2337 966 2401 multos:
1001 2336 1063 2417 [illa
1085 2336 1225 2417 alterum]
1251 2337 1320 2400 iecit
1342 2337 1453 2400 intrare

384 2427 505 2493 nudum
536 2426 568 2490 in
603 2427 730 2490 furnum
766 2427 809 2492 ibi
839 2426 1048 2506 coniunctum,
1087 2425 1232 2489 claudens
1262 2443 1299 2490 os
1331 2427 1453 2507 pannis.

384 2518 438 2584 Vir
459 2518 575 2599 accepit
603 2515 748 2581 stramina
775 2520 804 2579 et
832 2516 923 2595 ligna,
956 2534 1075 2597 ponens
1105 2516 1209 2595 ignem
1233 2516 1272 2579 ad
1300 2533 1337 2580 os
1360 2516 1453 2595 lurni,

384 2608 489 2672 dicens
511 2606 598 2687 quod
622 2606 745 2670 volebat
773 2605 900 2667 turnum
924 2605 1086 2668 calefacere
1108 2604 1147 2667 ad
1176 2604 1329 2669 iaciendas
1352 2609 1452 2668 tartas.

384 2696 482 2772 Quod
505 2696 615 2760 videns
637 2695 691 2776 qui
716 2693 797 2758 intus
820 2694 938 2772 latebat,
966 2712 1021 2775 per
1044 2692 1160 2756 medias
1183 2693 1325 2757 flammas
1348 2694 1454 2757 nudus

329 2799 371 2845 sss
385 2791 415 2851 et
436 2785 601 2849 semiustus
623 2783 755 2865 prosiliit
774 2783 805 2845 in
827 2782 996 2864 publicum,
1020 2782 1181 2861 fustigatus
1204 2801 1274 2845 cum
1298 2781 1455 2846 derisione

384 2879 413 2939 et
434 2875 550 2938 ulutatu
576 2891 631 2955 per
652 2871 765 2937 forum.

759 2984 809 3044 39.
850 2979 905 3059 [=
930 2979 959 3044 s.
984 2978 1071 3059 vos]

474 3089 547 3152 ltem
576 3088 607 3151 in
638 3086 753 3150 diocesi
778 3085 1032 3167 Graciopolitano
1059 3084 1176 3160 accidit
1207 3088 1333 3149 testante
1362 3085 1454 3149 tratre

385 3176 512 3241 Cabrito
550 3180 580 3239 et
616 3180 781 3254 asserente,
820 3175 906 3255 quod
946 3174 1072 3255 quidam
1112 3173 1255 3238 sacerdos
1293 3174 1455 3238 adamabat

385 3265 551 3346 quamdam
590 3284 719 3330 uxorem
758 3263 919 3345 cujusdam
954 3264 1133 3346 carpentarii
1169 3263 1349 3340 archarum;
1388 3282 1454 3344 quo

330 3376 371 3422 sto
385 3355 519 3431 absente,
542 3372 613 3417 cum
639 3358 781 3435 peccaret,
805 3354 889 3417 venit
903 3353 942 3416 ad
959 3354 1072 3418 ostium
1097 3353 1152 3416 vir.
1186 3352 1336 3417 Sacerdos
1351 3357 1455 3433 stupe-

386 3444 482 3507 tactus
504 3443 627 3506 archam
661 3462 804 3524 magnam
833 3443 876 3507 ibi
900 3447 1034 3523 paratam
1059 3442 1187 3520 intravit
1218 3459 1311 3522 quam
1343 3442 1455 3505 mulier

385 3530 498 3597 clausit
545 3533 601 3596 Vir
623 3533 747 3612 intrans,
778 3532 888 3595 videns
911 3531 951 3595 dc
978 3549 1031 3595 ora
1059 3530 1150 3594 vestis
1177 3530 1343 3595 sacerdotis
1371 3535 1456 3594 extra

384 3622 618 3702 aliquantulum,
643 3622 751 3686 dolum
775 3621 945 3702 perpendit,
973 3624 1009 3698 et,
1037 3620 1121 3683 clave
1143 3624 1306 3701 assumpta,
1329 3620 1454 3683 archam

385 3711 503 3775 seravit.
553 3712 721 3793 Applicans
754 3728 874 3774 carrum
911 3710 1007 3774 bourn
1043 3714 1072 3771 et
1105 3726 1219 3773 vocans
1253 3708 1379 3787 vicinos,
1414 3709 1455 3772 ad

330 3820 372 3866 ors
387 3800 490 3864 iorum
518 3799 610 3879 ducit,
641 3800 695 3865 ubi
719 3799 845 3879 quidam
876 3799 995 3863 amicus
1021 3798 1096 3878 ejvs,
1125 3798 1225 3862 sciens
1252 3797 1374 3876 iactum,
1404 3798 1455 3861 cui

386 3889 583 3953 mandaverat
605 3887 748 3952 sacerdos
779 3906 849 3951 curn
874 3888 1001 3952 occultis
1024 3887 1198 3966 intersignis
1221 3886 1306 3966 quod
1330 3886 1455 3949 archam

386 3983 500 4042 emeret
521 3982 551 4042 et
579 3995 650 4040 eum
681 3976 829 4055 liberaret,
861 3977 988 4040 veniens
1015 3976 1054 4039 ad
1085 3976 1197 4053 iorum,
1228 3975 1301 4038 emit
1330 3975 1454 4039 archam

386 4068 489 4149 precio
524 4066 631 4145 viginti
666 4065 823 4128 librarum.
882 4065 934 4128 llle
969 4064 1022 4144 qui
1057 4064 1217 4142 vendebat,
1256 4082 1382 4128 securus
1415 4065 1455 4129 de

384 4155 497 4231 precio,
527 4155 648 4216 dicebat
673 4154 760 4229 quod
788 4170 852 4214 non
886 4152 1064 4215 vendiderat
1093 4153 1179 4229 quod
1213 4152 1295 4215 intus
1318 4153 1455 4217 contine-

328 4240 484 4313 oaobatur;
509 4238 600 4313 unde,
626 4256 695 4299 curn
719 4238 758 4298 ad
783 4237 876 4298 verba
900 4237 951 4299 lric
973 4237 1046 4298 inde
1062 4244 1279 4301 concurrerent
1295 4240 1349 4319 qui
1369 4247 1455 4304 erant
