3525 5025
602 534 970 594 .—203—

636 699 825 788 samnium
849 717 915 772 von
938 701 1057 772 lours.

458 808 489 863 ln
509 807 625 864 Etienne
642 807 678 864 de
696 806 830 865 bourbon
849 807 893 863 ed.
912 807 1001 880 Lecoy
1019 807 1055 864 de
1073 807 1099 864 la
1117 807 1237 865 Marche.

704 1035 731 1087 r.
772 1025 826 1106 1=
852 1025 882 1090 s.
908 1025 992 1106 raca

404 1148 489 1212 Idem
521 1148 733 1229 [Guillelmus]
766 1148 887 1213 dicebat
917 1149 949 1211 in
977 1149 1174 1214 sermonibus
1201 1150 1266 1214 suis
1295 1149 1382 1231 quod

314 1239 365 1301 ille
393 1239 447 1318 qui
475 1237 687 1318 corrigebatur
714 1239 755 1302 ab
781 1238 888 1319 aliquo
918 1238 1049 1302 debebat
1078 1237 1207 1302 reddere
1234 1244 1263 1302 et
1290 1240 1383 1304 corri-

315 1326 410 1410 pienti
433 1327 617 1408 patientiam,
645 1327 676 1390 id
700 1332 753 1405 est,
776 1325 909 1391 debebat
932 1327 1078 1409 patienter
1101 1327 1189 1391 terre.
1236 1327 1383 1405 Tandem,

314 1421 474 1497 correptus
495 1435 514 1479 a
536 1415 674 1497 quodam
703 1416 858 1496 religioso,
887 1416 1049 1498 impatiens
1072 1421 1116 1480 est
1138 1416 1275 1481 erfectus.
1321 1416 1382 1480 Cui

273 1521 291 1568 o
314 1505 357 1568 ait
378 1505 555 1585 religiosus:
579 1507 703 1568 Memor
717 1506 790 1583 sitis,
813 1505 950 1584 domine,
974 1505 1059 1586 quod
1076 1505 1195 1569 debetis
1211 1505 1286 1568 mihi
1309 1506 1383 1586 pati·

316 1594 438 1657 entiam.
482 1595 597 1658 Verum
621 1598 674 1670 est,
702 1595 809 1674 inquit,
840 1594 894 1658 sed
920 1612 983 1658 non
1007 1593 1046 1657 ad
1069 1594 1253 1658 solvendum
1278 1594 1384 1659 modo.

405 1682 576 1765 Episcopus
606 1683 795 1748 Guillelmus
825 1684 1012 1760 Parisiensis,
1054 1683 1207 1747 visitando
1234 1683 1382 1747 diocesim

314 1790 413 1850 suam,
444 1772 607 1836 declinavit
627 1772 666 1836 ad
691 1771 847 1852 quandam
871 1773 975 1836 villam
998 1773 1200 1851 combustam,
1230 1776 1261 1835 et
1283 1772 1384 1854 predi·

315 1862 393 1924 cavit
420 1862 465 1924 eis
494 1861 581 1942 quod
606 1862 763 1925 Dominus
789 1861 901 1925 fecerat
931 1861 974 1926 eis
1001 1861 1080 1925 sicut
1101 1861 1203 1926 vetula
1225 1866 1292 1926 cato
1315 1879 1382 1938 su0,

260 1967 291 2012 ro
315 1968 377 2030 que
400 1949 601 2014 comburebat
628 1950 739 2032 pellem
767 1951 831 2029 cati,
863 1968 927 2014 non
951 1951 1023 2031 quia
1047 1950 1153 2030 odiret,
1186 1950 1240 2014 sed
1265 1969 1303 2014 ne
1330 1950 1384 2013 ad-

316 2039 458 2116 mitteret;
482 2043 511 2102 et
532 2039 577 2102 sic
600 2038 708 2102 iecerat
731 2039 784 2103 eis.
831 2041 867 2102 Et
889 2040 1014 2103 fuerunt
1036 2039 1125 2102 valde
1147 2039 1287 2103 edificati.

407 2126 499 2206 ldem,
534 2146 605 2191 cum
635 2132 788 2209 peteretur
813 2128 976 2208 quomodo
998 2132 1043 2192 tot
1066 2129 1149 2192 bona
1171 2129 1261 2193 sciret
1282 2128 1383 2207 verba,

314 2217 370 2279 ait:
401 2216 485 2290 Quia
508 2233 667 2298 nunquam
696 2218 826 2281 verbum
855 2219 974 2281 bonum
1002 2217 1106 2281 audivi
1130 2218 1216 2299 quod
1240 2235 1304 2282 non
1329 2236 1384 2299 po-

316 2323 431 2384 nerem,
454 2310 506 2369 aut
529 2305 561 2368 in
585 2306 672 2387 pelle,
694 2311 747 2370 aut
769 2306 801 2369 in
825 2305 927 2370 corde.

260 2410 290 2457 m
406 2394 500 2472 ldem,
537 2413 671 2475 querens
707 2413 818 2476 panem
847 2395 990 2473 Parisios,
1032 2395 1132 2458 noluit
1159 2396 1295 2477 accipere
1324 2396 1385 2460 ele·

316 2483 470 2547 mosinam
500 2503 518 2547 a
547 2484 670 2563 tamula,
705 2484 824 2549 dicente
853 2484 940 2565 quod
973 2484 1023 2547 tali
1054 2482 1232 2549 conditione
1261 2489 1383 2564 teneret,

315 2573 403 2653 quod
427 2592 598 2655 numquam
624 2574 803 2638 Parisiensis
825 2575 990 2657 episcopus
1013 2578 1099 2637 esset

407 2662 524 2742 Regina
548 2664 672 2727 Francie
698 2663 869 2743 Margarita,
900 2681 980 2727 uxor
996 2663 1143 2727 Ludovici
1168 2663 1257 2743 regis,
1280 2662 1384 2744 primo

316 2751 425 2814 habuit
446 2751 551 2830 tiliam,
579 2757 609 2816 et
631 2770 695 2815 non
718 2752 871 2816 auderunt
894 2752 1049 2815 insinuare
1072 2753 1146 2831 regi.
1191 2753 1386 2816 Vocaverunt

261 2841 497 2921 aepiscopum
526 2841 740 2920 (luillelmum,
771 2846 804 2904 ut
830 2842 858 2905 ei
890 2841 1049 2904 nuntiaret.
1096 2841 1169 2919 Qui,
1200 2841 1316 2905 vadens
1344 2841 1383 2904 ad

316 2948 429 3009 regem,
464 2930 561 2993 taliter
595 2931 756 2993 nuntiavit:
795 2931 945 3008 Domine,
979 2929 1145 3010 gaudeatis,
1181 2930 1254 3009 quia
1286 2930 1384 2994 attero

315 3019 407 3082 vobis
430 3019 526 3083 boves
549 3020 694 3097 minores,
717 3018 791 3099 quia
814 3019 908 3083 hodie
931 3020 1044 3083 lucrata
1059 3024 1103 3083 est
1126 3036 1242 3082 corona
1259 3018 1384 3082 Francie

317 3125 415 3172 unum
444 3125 561 3187 regem;
592 3108 665 3190 quia
695 3109 814 3172 habetis
843 3125 936 3172 unam
968 3107 1073 3186 tiliam,
1105 3126 1160 3189 per
1190 3107 1383 3188 maritagium

317 3195 405 3276 cuius
421 3197 572 3262 habebitis
587 3215 685 3260 unum
707 3215 847 3278 regnum,
871 3202 908 3274 et
931 3197 957 3261 si
974 3197 1125 3261 haberetis
1139 3197 1249 3274 tilium,
1273 3196 1385 3261 daretis

263 3301 291 3348 an
317 3286 345 3348 ei
368 3286 545 3350 comitatum
569 3304 727 3367 magnum.
775 3288 811 3349 Et
832 3286 877 3350 sic
901 3286 1053 3349 letificavit
1074 3304 1156 3349 eum.

407 3374 491 3439 ldem
516 3376 547 3438 in
570 3393 677 3439 mensa
699 3394 755 3439 sua
778 3376 904 3439 bibebat
925 3376 1033 3438 vinum
1057 3375 1219 3456 optimum,
1250 3380 1280 3439 et
1300 3375 1385 3455 juxta

317 3464 425 3527 vinum
449 3463 580 3528 habebat
602 3482 726 3545 semper
742 3483 823 3544 aque
846 3468 963 3546 potum,
987 3464 1042 3528 sed
1066 3480 1226 3544 nunquam
1250 3465 1386 3545 ponebat

318 3553 349 3615 in
379 3553 515 3634 cyphum
545 3570 647 3617 suum.
701 3554 844 3628 Quadam
876 3554 950 3631 vice,
981 3553 1129 3617 dominus
1157 3554 1312 3633 lohannes
1344 3553 1385 3615 de

318 3642 406 3705 Bello
430 3644 545 3719 Monte,
569 3660 701 3723 magnus
724 3643 916 3707 consiliarius
940 3642 1028 3722 regis,
1053 3641 1221 3705 comedens
1243 3660 1313 3705 cum
1336 3660 1383 3719 eo,

151 3811 152 3814 Ἴ
266 3747 293 3794 sn
318 3732 359 3793 ait
381 3731 467 3811 quod
490 3750 571 3811 aqua
594 3732 625 3794 in
650 3749 757 3795 mensa
778 3750 835 3795 sua
857 3731 897 3794 de
913 3731 1012 3795 nihilo
1027 3730 1185 3807 serviebat,
1209 3731 1283 3810 quia
1305 3748 1384 3793 nun-

317 3838 411 3901 quam
436 3822 468 3884 in
492 3821 567 3884 vino
590 3820 734 3901 ponebat
768 3821 832 3895 Qui
848 3820 1020 3902 respondit:
1046 3820 1144 3882 immo
1160 3823 1277 3883 tantum
1293 3819 1386 3882 servit

318 3910 350 3972 in
373 3927 480 3975 mensa
502 3926 583 3991 aqua
606 3910 670 3988 ista,
701 3915 849 3990 quantum
878 3909 997 3973 servitis
1026 3909 1057 3971 in
1089 3908 1172 3988 regia
1194 3908 1286 3971 curia.
1332 3907 1385 3972 llle

318 3999 430 4079 inquit:
464 3999 613 4077 Domine,
645 4018 721 4079 ergo
751 3999 791 4063 de
822 4000 921 4062 nihilo
951 3998 1074 4061 servio?
1129 3998 1240 4074 lmmo,
1272 3996 1384 4076 inquit,

319 4088 462 4166 multum;
494 4088 575 4168 quia,
605 4089 732 4168 quando
755 4088 827 4152 estis
857 4089 889 4150 in
905 4086 1046 4168 'palatiis
1077 4086 1131 4149 ubi
1163 4086 1306 4167 princeps
1335 4086 1384 4148 vel

268 4192 294 4239 an
318 4194 421 4241 comes
455 4178 522 4240 vult
550 4177 646 4259 loqui,
677 4176 776 4257 rigide
806 4178 905 4242 statim
936 4174 1157 4239 comminando
1186 4174 1282 4239 tacitis
1312 4192 1384 4237 eum

318 4270 423 4331 tacere
470 4266 502 4331 Si
526 4266 614 4329 miles
637 4267 685 4330 vel
708 4267 786 4330 alius
814 4265 906 4329 nimis
928 4265 1082 4328 audaciter
1105 4264 1255 4348 loquatur,
1285 4263 1384 4327 statim
