3525 5025
833 506 1033 561 ...⁶-

577 676 764 757 Conqueror
786 676 847 740 boc
869 674 922 753 illi,
944 674 998 755 qui
1022 673 1106 737 dedit
1128 692 1195 738 esse
1219 676 1314 739 mihi‘.

532 766 620 831 Tunc
638 766 723 829 Deus
746 765 944 845 omnipotens
966 764 1020 844 qui
1043 762 1184 827 condidit
1206 764 1311 827 omnia
1334 766 1438 844 verbo,

578 854 641 930 Qui
665 872 720 918 sua
736 854 874 917 membra
898 852 1015 933 probat,
1039 852 1187 932 vasctuila
1209 854 1294 916 velut
1314 854 1439 934 figulus,

484 964 510 1011 ui
534 942 704 1013 Restituens
726 942 821 1007 aciem
846 941 968 1005 misero.
1014 942 1114 1005 Tonat
1137 941 1231 1005 illico:
1254 942 1366 1019 ,Fallax

579 1032 717 1096 Femina!
753 1050 808 1095 cur
829 1035 910 1094 tanta
932 1029 1041 1093 fraude
1064 1048 1176 1093 nocere
1199 1032 1308 1112 cupis?

534 1122 603 1185 ileu
621 1120 711 1183 mihil
743 1138 836 1201 quam
860 1118 969 1183 fraude
992 1118 1103 1182 mulier
1126 1119 1205 1182 mala
1224 1121 1307 1183 varia
1322 1120 1440 1199 sordet;

578 1212 694 1291 integra
715 1208 783 1289 jura
805 1208 887 1273 thori
911 1226 974 1273 non
997 1213 1079 1272 tenet
1100 1208 1151 1271 illa
1173 1209 1249 1273 viro.

532 1300 664 1363 Alterius
686 1302 804 1381 segetes
827 1315 949 1378 semper
972 1302 1056 1378 putat
1078 1298 1238 1362 uberiores

482 1408 510 1455 ao
577 1390 625 1453 llo
647 1387 781 1452 conlinis
804 1388 901 1451 ubera
924 1404 1034 1467 magna
1056 1390 1145 1449 tenet

532 1477 665 1541 alterius
687 1475 821 1541 thalamo
845 1476 924 1538 mala
947 1475 1044 1538 credit
1066 1475 1167 1539 inesse
1188 1476 1341 1557 sapinum‚

577 1564 729 1640 Quamvis
751 1565 791 1629 sit
813 1564 911 1646 spado
935 1565 978 1626 nil
1002 1565 1161 1645 valeatque
1183 1566 1294 1631 thoro¹.

534 1654 665 1735 Perciplt
687 1654 737 1717 illa
760 1654 869 1731 virum,
893 1654 979 1716 vultu
1003 1652 1170 1734 respondet
1190 1654 1294 1717 alacri:

576 1744 700 1823 ,Magna
723 1742 794 1806 dedi
819 1742 954 1820 medicis,
979 1760 1042 1806 non
1068 1742 1122 1806 tibi
1146 1761 1219 1806 cura
1241 1743 1308 1808 luit.

483 1852 510 1899 aa
532 1833 594 1910 Ast,
618 1833 671 1897 ubi
696 1832 790 1895 lustra
811 1850 867 1895 sua
890 1831 962 1896 satis
985 1830 1047 1895 uda
1069 1832 1189 1913 petebat
1211 1833 1325 1913 Apollo
1376 1855 1378 1860 ·

578 1921 719 1987 Candida
741 1920 959 2002 splendescens
981 1920 1114 2002 Cynthia
1137 1920 1205 1985 luce
1228 1940 1319 1999 mera,

533 2012 621 2075 Tunc
636 2028 732 2092 sopor
747 2010 867 2091 irrepsit
883 2028 951 2072 mea
967 2010 1115 2089 languida
1127 2029 1266 2091 corpora,
1287 2010 1437 2092 quaedam

577 2100 683 2179 Astitit,
708 2100 844 2163 insonuit
865 2098 993 2162 auribus
1017 2098 1067 2161 illa
1091 2100 1179 2163 meis:

535 2189 653 2253 Ludere
675 2207 745 2253 cum
769 2188 880 2268 juvene
903 2188 1025 2251 studeas
1049 2188 1080 2250 in
1105 2188 1227 2252 roboris
1248 2190 1326 2267 alto;

483 2298 510 2345 ao
579 2278 681 2342 Prisca
703 2278 772 2341 viro
795 2276 917 2340 dabitur
940 2277 992 2339 lux
1015 2276 1084 2356 cito,
1107 2277 1197 2340 crede
1221 2278 1307 2342 mihi.

533 2366 629 2442 Quod
654 2367 723 2446 leci;
747 2366 895 2430 dominus
918 2366 990 2429 ideo
1012 2366 1067 2429 tibi
1092 2384 1219 2429 munera
1243 2367 1319 2431 lucis

577 2456 728 2536 Contulit;
752 2456 866 2521 idcirco
890 2472 1017 2518 munera
1041 2454 1137 2520 redde
1159 2456 1244 2518 mihi.

532 2545 661 2610 Addidit
683 2547 732 2609 ille
756 2546 850 2610 iidem
875 2545 1004 2620 mulieri,
1029 2547 1067 2608 de
1090 2563 1179 2625 prece
1201 2545 1290 2625 cujus

577 2635 616 2700 Se
639 2653 748 2700 sanum
773 2635 875 2713 credit,
905 2634 993 2697 mittit
1015 2638 1045 2697 et
1067 2652 1160 2697 omne
1184 2635 1278 2698 netas.

482 2742 510 2790 aa
534 2726 607 2790 Esse
630 2727 708 2790 solet
730 2726 849 2789 nullum
875 2725 963 2806 pejus
986 2723 1114 2786 muliere
1136 2741 1304 2803 venenum;

579 2815 695 2878 Excolit
718 2815 803 2892 hanc,
827 2815 948 2878 adamat
970 2813 1025 2891 vir,
1048 2817 1129 2876 tenet
1150 2812 1225 2876 alter
1248 2831 1324 2876 eam.

836 2974 974 3037 rasura
998 2932 1045 3037 111ss

533 3080 587 3143 Vir
608 3079 709 3144 vineta
731 3080 811 3144 colit.
859 3079 972 3143 Mulier
995 3084 1078 3161 putat
1102 3081 1184 3142 hunc
1206 3079 1273 3142 fore
1296 3079 1416 3144 dudum

577 3168 693 3233 Vinetis
716 3187 820 3233 carum
846 3187 918 3232 mox
941 3169 1010 3232 citat
1032 3175 1061 3232 et
1082 3169 1236 3248 juvenem.

534 3257 684 3321 immanes
707 3258 758 3321 dat
780 3275 855 3337 opes
879 3257 951 3337 ipsi;
974 3259 1096 3322 tandem
1121 3259 1194 3339 petit
1216 3257 1311 3335 illum,

478 3361 505 3408 uo
579 3347 622 3410 Ut
644 3345 739 3411 donet
761 3346 889 3411 Veneris
912 3347 995 3410 basia
1018 3351 1103 3427 grata
1125 3348 1194 3411 sibi.

534 3435 679 3499 Exercere
701 3435 789 3516 jocos
812 3436 939 3500 Veneris
961 3436 1062 3500 studet
1084 3437 1148 3499 iste.
1196 3436 1333 3499 Minerva

578 3524 671 3588 Hunc
693 3524 798 3589 docuit
821 3526 939 3603 mulier,
963 3526 1048 3605 quod
1073 3525 1151 3589 bene
1175 3525 1271 3606 placet
1292 3543 1371 3590 eam.

533 3613 606 3676 Non
629 3613 674 3677 sic
697 3613 727 3676 in
753 3614 886 3678 thalamo
910 3614 1070 3679 Saturnius
1092 3614 1325 3696 Amphitrionis

577 3702 672 3767 Nisus
696 3721 765 3766 cum
790 3703 909 3766 Venere
932 3702 1034 3783 puber
1056 3707 1089 3766 ut
1112 3703 1166 3767 iste
1190 3703 1254 3769 luit.

478 3806 505 3854 uo
532 3792 695 3871 Temporis
717 3791 844 3856 articulo
868 3793 975 3854 luxum
999 3791 1105 3854 Venus
1126 3792 1217 3856 anxia
1240 3792 1348 3869 mellit;

579 3879 652 3943 lnde
675 3881 770 3945 cicuta
793 3881 872 3943 mala
895 3880 970 3943 tellit
992 3897 1063 3942 eum
1087 3880 1201 3945 subito.

534 3970 585 4032 Est
599 3969 688 4049 iocus
703 3970 757 4034 iste
774 3969 882 4048 brevis,
900 3967 1009 4033 baratri
1022 3985 1115 4046 quern
1128 3986 1203 4032 crux
1214 3987 1306 4049 grave
1319 3971 1437 4055 pungit,

577 4059 677 4137 Atque
701 4077 796 4140 rogus
817 4059 900 4139 iugis
923 4076 996 4122 mox
1019 4054 1155 4118 adolebit
1177 4075 1259 4120 eum.

533 4147 653 4212 Vermis
675 4148 761 4227 edax,
783 4148 879 4228 algor,
904 4147 1011 4229 pedor,
1035 4143 1095 4225 pix,
1120 4161 1182 4207 nox
1205 4150 1385 4226 satanasque

577 4237 697 4319 Aflligit
720 4237 860 4303 Paridem
886 4254 950 4301 non
974 4253 1044 4299 cum
1069 4231 1212 4296 crucibus
1235 4231 1373 4296 modicis.
