3525 5025
812 517 1054 584 —1907-

343 685 572 766 &aliquando
600 692 790 766 commotus,
823 705 895 751 cum
928 704 984 751 nec
1013 697 1098 768 sepe'
1117 687 1157 750 de
1186 687 1246 750 hoc
1277 691 1416 751 correcta
1446 691 1479 750 et

400 777 558 840 verberata
579 776 671 840 vellet
696 794 730 840 se
757 776 918 856 corrigere,
951 775 1006 840 sed
1034 794 1136 840 coram
1160 775 1277 839 vicinis·
1301 794 1374 840 eum
1399 793 1478 840 con-

400 863 550 942 tunderet,
574 865 702 946 projecit
723 883 790 929 eam
814 866 846 928 in
869 865 958 929 alveo
982 865 1037 929 rivi
1058 865 1231 944 cuiusdam,
1255 882 1323 928 eam
1348 865 1477 928 concul-

401 971 474 1018 eans
488 959 519 1018 et
532 953 698 1018 suffocans.
732 954 815 1018 Cum
831 960 932 1018 autem
957 971 1021 1019 non
1045 958 1149 1036 posset
1172 953 1257 1034 loqui
1282 953 1389 1030 verbo,
1413 952 1477 1016 ele-

402 1043 493 1108 vabat
507 1060 626 1115 manus,
649 1048 679 1107 et
692 1043 781 1124 quasi
796 1048 926 1107 atterens
946 1043 1105 1125 pediculos
1120 1043 1160 1107 de
1176 1042 1320 1106 manibus
1337 1041 1477 1106 iaciebat

344 1147 389 1196 uro
493 1133 567 1196 ltem
597 1132 637 1196 de
665 1132 725 1195 alia
753 1137 873 1198 assueta
903 1132 1020 1213 litigare
1042 1136 1072 1195 et
1100 1131 1168 1195 viro
1182 1157 1184 1169 ·
1198 1149 1322 1212 semper
1352 1135 1477 1195 contra-

401 1221 511 1299 dicere,
534 1240 605 1285 cum
628 1222 769 1292 transiret
790 1239 861 1285 cum
878 1220 946 1285 viro
968 1239 1027 1285 suo
1051 1239 1106 1301 per
1130 1225 1258 1302 pratum,
1283 1221 1405 1285 dicebat
1427 1221 1478 1283 vir

402 1311 490 1392 quod
513 1316 576 1374 erat
597 1310 754 1374 latorium:
786 1328 866 1374 uxor
888 1310 1001 1393 incepit
1016 1314 1139 1374 econtra
1161 1309 1263 1373 dicere
1286 1309 1374 1390 quod
1398 1327 1476 1387 non,

403 1400 501 1464 immo
523 1403 588 1463 erat
613 1403 779 1464 attonsum.
827 1401 870 1462 Ex
898 1399 947 1462 his
974 1404 1096 1480 sumpta
1124 1398 1293 1477 occasione,
1324 1399 1479 1480 processit

402 1489 451 1552 vir
472 1487 513 1552 de
534 1489 637 1553 verbis
658 1487 698 1552 ad
720 1489 856 1566 verbera,
878 1487 958 1552 adeo
974 1489 1061 1570 quod
1085 1489 1221 1569 linguam
1245 1488 1273 1551 ei
1296 1488 1477 1568 amputavit

346 1591 390 1638 ou
404 1577 486 1642 Cum
509 1582 611 1641 autem
634 1595 698 1641 non
722 1581 828 1658 posset
849 1577 944 1657 loqui,
973 1576 1076 1658 digitis
1099 1575 1279 1641 ostendebat
1302 1577 1361 1640 sibi
1385 1577 1477 1657 quasi

402 1667 575 1748 torcipibus
597 1667 745 1731 tonderet
775 1666 849 1730 ldeo
872 1664 983 1729 dicitur
1000 1667 1090 1729 Eccli:
1111 1677 1172 1730 norv
1194 1666 1228 1728 d:
1256 1665 1477 1732 „Commorari

403 1756 485 1819 leoni
509 1757 557 1819 vel
573 1755 700 1819 draconi
717 1756 815 1835 magis
831 1754 930 1836 placet
944 1773 1037 1834 quam
1054 1774 1125 1819 cum
1143 1755 1270 1820 muliere
1285 1770 1474 1819 venenosa.a

493 1846 566 1908 ltem
590 1844 673 1908 idem
693 1844 826 1924 Jacobus
850 1845 942 1907 retert
963 1844 1002 1908 de
1025 1844 1083 1908 alia
1106 1844 1203 1931 quod,
1228 1861 1304 1908 cum
1328 1845 1377 1908 vir
1399 1862 1478 1908 suus

404 1933 543 1997 invitaret
571 1933 690 1997 vicinos
719 1951 803 2010 suos,
835 1932 902 2014 ipsa
933 1951 1056 2014 semper
1085 1934 1153 1997 viro
1182 1951 1241 1997 suo
1271 1933 1417 2013 litigabat,
1448 1936 1478 1996 et

346 2034 390 2082 oso
405 2021 615 2087 confundebat
630 2041 702 2086 eum
718 2027 747 2085 et
762 2022 912 2101 turbabat,
936 2027 965 2084 et
986 2022 1063 2085 alios
1086 2021 1232 2085 similiter.
1272 2021 1354 2086 Cum
1372 2026 1476 2085 autem
1607 2017 1608 2036 ¹

402 2111 521 2174 vicinos
543 2129 619 2176 suos
642 2112 689 2175 vir
715 2112 782 2191 eius
812 2112 907 2175 semel
936 2111 1097 2189 invitasset,
1130 2111 1245 2191 paravit
1264 2110 1311 2174 eis
1334 2128 1476 2174 mensam

402 2201 486 2280 iuxta
519 2200 640 2263 alveum
676 2200 816 2264 iluminis
849 2200 936 2280 quod
971 2201 1054 2279 iuxta
1085 2202 1186 2263 ortum
1221 2213 1313 2262 suum
1349 2199 1476 2264 iluebai.

405 2291 472 2370 lpsa
494 2293 596 2352 autem
620 2293 725 2353 contra
755 2289 787 2353 id
811 2285 912 2369 quod
928 2289 976 2352 vir
997 2307 1073 2354 suus
1103 2288 1231 2368 rogabat
1260 2306 1327 2352 eam
1352 2307 1478 2371 semper

403 2377 502 2441 lacere
525 2383 587 2441 erat
609 2383 737 2442 assueta.
777 2378 859 2442 Cum
874 2382 976 2442 autem
993 2378 1041 2442 vir
1055 2395 1130 2441 suus
1146 2377 1265 2441 sederet
1279 2395 1349 2440 cum
1366 2378 1479 2441 vicinis
1607 2389 1608 2400 ¹

347 2485 391 2535 uo
405 2486 443 2531 ex
466 2467 609 2549 opposita
632 2473 716 2550 parte
738 2468 885 2546 fluminis,
910 2466 1037 2548 rogabat
1059 2485 1125 2531 eam
1146 2467 1233 2549 quod
1257 2485 1294 2531 ex
1317 2466 1368 2530 illa
1392 2471 1479 2548 parte

404 2556 534 2621 sederet:
551 2557 601 2621 illa
615 2561 725 2636 autem,
741 2561 897 2639 assumpta
912 2557 993 2634 sella,
1009 2557 1088 2620 sedit
1102 2556 1141 2620 ad
1154 2557 1327 2638 oppositam
1344 2561 1463 2637 partem
1469 2577 1477 2634 ;

404 2650 434 2710 et
455 2664 526 2709 cum
550 2646 598 2709 vir
619 2664 695 2710 suus
723 2665 790 2709 eam
815 2651 936 2727 rogaret
963 2650 997 2709 ut
1018 2646 1046 2709 ei
1073 2647 1343 2728 appropinquaret,
1376 2645 1478 2726 magis

403 2754 437 2799 se
460 2734 636 2815 elongabat,
667 2753 832 2818 usquequo
863 2735 894 2798 in
925 2735 1057 2800 fluvium
1088 2735 1216 2799 caderet.
1261 2734 1343 2798 Cum
1371 2738 1476 2798 autem
1607 2784 1608 2793 ,

404 2842 471 2888 eam
495 2824 611 2888 fluvius
627 2825 760 2905 'raperet
789 2842 854 2905 quo
877 2824 1026 2903 currebat,
1055 2824 1103 2887 vir
1132 2825 1199 2904 eius
1219 2822 1412 2888 ascendebat
1435 2824 1476 2887 ad
1607 2874 1608 2915 ,

346 2930 392 2977 noo
407 2914 581 2995 oppositam
613 2918 728 2994 partem
760 2914 847 2994 quasi
877 2931 1012 2993 querens
1035 2931 1116 2990 eam;
1147 2931 1218 2976 cum
1248 2917 1349 2976 autem
1380 2930 1479 2994 super
1607 2916 1608 2977 Q

404 3002 465 3066 hoc
486 3009 665 3083 argueretur
691 3020 710 3064 a
738 3002 853 3081 vicinis,
885 3001 1057 3067 dicentibus
1088 3001 1174 3083 quod
1207 3002 1315 3084 pocius
1346 3001 1477 3067 inferius
1607 2998 1608 3061 ἴ

405 3090 531 3155 deberet
562 3109 628 3154 eam
660 3109 801 3171 querere,
837 3090 1008 3171 respondit:
1047 3090 1154 3157 „Scitis
1185 3090 1258 3172 qula
1286 3090 1476 3155 contrarium

406 3179 476 3243 iecit
503 3179 597 3259 buius
626 3179 713 3260 quod
742 3179 849 3244 debuit
871 3185 906 3243 et
921 3179 962 3243 ad
990 3181 1177 3244 contrarium
1206 3184 1321 3263 partem
1349 3179 1478 3247 tetendit

405 3283 557 3349 semper!

783 3419 836 3475 22.
883 3411 937 3491 [ε
961 3410 991 3475 s.
1016 3412 1101 3492 aon]
1229 3414 1231 3419 ’

348 3553 392 3601 aaa
496 3536 609 3600 Audivi
635 3536 755 3618 [quod],
778 3555 848 3600 cum
869 3535 1022 3618 dyabolus
1045 3554 1100 3617 per
1122 3536 1236 3601 multos
1258 3554 1358 3601 annos
1380 3554 1477 3617 quos-
1607 3566 1608 3591 l

405 3625 476 3689 dam
515 3625 710 3707 conjugatos,
748 3626 861 3689 scilicet
901 3626 1001 3690 virum
1041 3629 1070 3688 et
1107 3643 1249 3703 uxorem,
1288 3629 1476 3706 temptasset,
1607 3632 1608 3721 ,

406 3733 462 3796 per
498 3715 622 3795 triginta
658 3715 771 3779 scilicet
808 3732 909 3779 annos
945 3715 994 3779 vel
1026 3714 1168 3796 amplius,
1207 3719 1238 3777 et
1272 3732 1335 3779 non
1371 3719 1478 3796 posset
1607 3726 1608 3775 ;

406 3803 561 3884 prevalere
599 3806 633 3866 ut
669 3804 776 3867 saltem
814 3804 910 3868 semel
939 3803 1150 3868 discordarent
1183 3802 1231 3867 vel
1269 3804 1348 3867 dura
1380 3805 1477 3869 verba

407 3892 562 3972 baberent,
585 3892 812 3972 transfiguravit
833 3911 866 3957 se
891 3893 922 3956 in
946 3893 1047 3957 forma
1068 3894 1198 3973 juvenis,
1225 3891 1337 3957 sedens
1360 3897 1477 3957 mestus
1607 3886 1608 3915 *

347 3981 439 4044 oooin
462 3981 511 4045 via
534 3998 704 4062 perquam
735 3981 869 4061 quedam
893 3982 993 4048 vetula
1024 3982 1113 4046 lotrix
1145 3998 1320 4064 pannorum
1344 3980 1478 4046 debebat
1607 4020 1608 4061 ;

406 4071 541 4149 transire,
564 4070 675 4133 sedens
697 4069 758 4133 sub
776 4070 895 4147 arbore,
920 4070 1037 4135 habens
1060 4071 1188 4134 cinctam
1212 4069 1377 4151 quamdam
1401 4070 1476 4134 bur-

403 4173 469 4217 sam
494 4158 616 4236 plenam
640 4157 783 4232 denariis,
807 4176 869 4234 que
893 4158 1059 4234 vulgariter
1080 4158 1193 4222 dicitur
1214 4158 1345 4238 guerles.
1391 4158 1475 4223 Cum
1607 4222 1608 4243 2

402 4245 504 4303 autem
529 4242 629 4303 vetula
650 4243 791 4301 transiret
804 4246 835 4302 et
849 4247 991 4318 quereret
1012 4244 1052 4304 ab
1075 4261 1113 4305 eo
1130 4246 1201 4321 quis
1223 4250 1303 4308 esset
1324 4250 1354 4309 et
1368 4264 1476 4312 causas
1607 4246 1608 4261 ¹
