3525 5025
747 527 966 582 „21-

403 696 444 774 ,Si
469 697 511 760 de
535 698 659 761 fortuna
680 697 823 777 gaudeas,
892 698 992 761 vende
1015 699 1107 763 nobis
1129 700 1191 764 hoc
1212 700 1334 763 animal.

341 804 387 849 oso
405 787 611 867 Deponemus
633 790 693 849 tres
716 785 833 863 odium,
901 787 927 849 si
951 806 1166 869 comparamus
1188 788 1356 869 turgidum.

401 875 537 939 Vestitus
560 876 678 938 technis
703 875 827 940 Unibos
894 875 933 938 ad
957 880 1019 939 tres
1041 877 1102 940 hoc
1123 876 1197 941 dicit
1218 878 1333 941 socios:

401 965 484 1041 ,Non
509 969 555 1028 est
577 965 657 1027 hanc
679 964 752 1027 dare
775 963 863 1027 facile
930 965 1108 1045 genitricem
1133 967 1288 1047 pecuniae.

404 1054 506 1133 Hujus
529 1054 589 1117 sub
613 1053 692 1134 pelle
715 1053 828 1117 bestiae
895 1072 965 1117 arca
986 1054 1057 1117 latet
1079 1055 1213 1120 laetitiae.

401 1144 475 1206 Non
499 1147 545 1205 est
568 1144 643 1205 haec
664 1142 733 1205 vilis
757 1142 859 1220 bestia,
928 1160 1009 1223 quae
1031 1147 1111 1207 tanta
1133 1145 1212 1225 parit
1233 1146 1379 1208 munerat

341 1248 386 1295 sss
402 1231 444 1309 ,Si
467 1232 507 1295 de
530 1236 582 1294 tua
605 1230 793 1295 substantiar
840 1236 892 1293 tua
914 1232 1039 1295 laetetur
1060 1233 1179 1311 anima‘,

402 1320 447 1383 1111
471 1321 586 1399 dicunt,
610 1320 781 1399 ,carissime
850 1339 890 1384 ne
912 1320 1039 1385 ditieras
1061 1322 1141 1385 hanc
1163 1322 1314 1387 vendere‘.

401 1409 579 1491 versipellis
604 1410 728 1475 Unibos
795 1409 834 1472 ad
858 1410 966 1473 brutos
989 1410 1063 1473 dicit
1083 1415 1144 1474 tres
1167 1411 1263 1475 viros:

401 1500 585 1577 ,Jumentum
608 1498 740 1562 vendam
764 1498 877 1576 nobile,
931 1498 986 1562 sed
1010 1517 1074 1563 non
1091 1518 1149 1580 pro
1164 1518 1260 1581 parvo
1277 1517 1413 1563 munere.

401 1589 465 1651 Vos
488 1588 614 1665 vidistis,
639 1587 715 1667 quid
739 1588 863 1668 peperit,
933 1589 1118 1668 cognoscitis
1146 1589 1222 1669 quid
1250 1589 1300 1653 hic
1324 1589 1414 1671 pluit,

342 1696 386 1741 aro
404 1676 435 1740 Si
460 1695 662 1741 nummorum
687 1677 847 1740 latibulum
916 1677 1015 1755 vultis,
1038 1678 1174 1741 conferte
1190 1679 1346 1759 ·pretium;

403 1765 463 1830 Sed
488 1770 523 1829 ut
544 1765 609 1829 sitis
632 1765 776 1843 benivoli,
845 1766 980 1829 conterte
1004 1766 1097 1829 libras
1120 1767 1306 1847 quindecim.

403 1855 511 1919 Plures
534 1856 565 1917 in
590 1855 674 1918 brevi
698 1859 838 1935 tempore
906 1854 999 1918 libras
1022 1855 1129 1919 reddet
1154 1874 1212 1937 pro
1235 1857 1384 1920 stercore.

402 1944 477 2007 Tres
501 1943 543 2006 illi
567 1943 661 2007 libras
683 1944 860 2024 quindecim
929 1947 963 2006 ut
985 1944 1164 2024 persolvunt
1188 1945 1335 2023 Unibovi,

404 2034 526 2113 Equum
550 2033 667 2095 ducunt
690 2032 835 2113 ligamine
903 2032 1108 2097 custodientes
1131 2033 1252 2114 cupide.

343 2140 387 2185 aas
405 2123 544 2185 Festinus
567 2122 668 2202 inquit
690 2121 852 2202 presbiter:
920 2121 1041 2199 ,Audite
1064 2140 1122 2200 me,
1145 2123 1224 2186 sicut
1245 2122 1343 2201 decet,

398 2212 575 2289 Jumentum
600 2211 673 2274 volo
696 2211 808 2273 ducere
875 2209 915 2272 ad
938 2211 1091 2274 stabulum
1115 2211 1230 2275 domus
1253 2230 1346 2275 meae.

403 2299 486 2374 Quia
508 2300 627 2380 primus
650 2299 782 2377 ecclesia,
849 2317 920 2362 sum
944 2300 1062 2379 primus
1085 2301 1116 2363 in
1140 2300 1290 2378 custodia;

403 2388 550 2452 Diluculo
574 2388 759 2468 recolligam,
827 2406 921 2468 quam
945 2388 1059 2452 donavi
1083 2390 1254 2470 pecuniam.

402 2478 447 2542 Sit
469 2478 569 2559 prima
592 2496 655 2541 nox
679 2476 847 2559 presbiteri,
915 2479 1051 2542 secunda
1073 2478 1112 2542 sit
1135 2479 1309 2560 praepositi,

346 2586 387 2632 aso
403 2568 531 2647 Majoris
555 2585 617 2630 nox
640 2567 678 2630 sit
700 2565 785 2630 tertia
851 2568 911 2631 sub
934 2568 1092 2648 aequitatis
1114 2569 1242 2632 trutina‘.

401 2656 492 2734 ,Fiat‘,
516 2656 593 2718 dixit
615 2655 815 2738 praepositus,
883 2657 947 2735 ,sit,
972 2657 1044 2720 dicit
1067 2657 1167 2737 maior
1189 2658 1307 2735 tertius,

400 2747 496 2822 ,llaec
518 2750 562 2808 est
585 2750 689 2808 nostra
712 2745 878 2808 concordia
945 2747 1004 2810 sub
1028 2747 1093 2809 miti
1118 2747 1279 2827 patientia‘.

402 2837 519 2915 Equam
544 2839 687 2915 procurat
710 2833 859 2915 presbiter
925 2834 1003 2898 dans
1026 2835 1179 2899 hordeum
1204 2835 1354 2912 celeriter,

402 2923 461 2987 Per
484 2928 648 2987 nocturnas
670 2923 790 3003 vigilias
857 2942 955 3004 equae
979 2920 1103 3005 praebet
1124 2924 1283 2987 auriculas

347 3030 387 3076 uso
404 3014 494 3076 Facto
517 3017 618 3076 tamen
641 3012 779 3076 diluculo
847 3013 990 3076 sacerdos
1012 3032 1031 3076 a
1053 3014 1212 3094 praesepio

300 3119 325 3149 κ
401 3101 621 3178 Commumen
635 3102 725 3164 trahit
748 3101 885 3179 bestiam,
953 3108 987 3165 ut
1009 3102 1144 3183 deponat
1167 3102 1338 3184 pecuniam.

402 3191 454 3254 lll‘a
477 3195 587 3271 putans
609 3190 649 3253 ad
673 3195 804 3254 aratrum
873 3190 984 3254 deduci
1009 3191 1068 3255 sibi
1092 3192 1259 3272 cognitum,

336 3271 343 3285 '
401 3280 466 3343 Sub
490 3279 587 3343 cauda
610 3280 688 3342 laxat
710 3279 878 3360 squibulas,
947 3281 1026 3343 sicut
1047 3281 1133 3358 solet,
1157 3280 1360 3344 foedissimas.

403 3369 487 3431 Dum
511 3369 652 3432 stercoris
675 3369 829 3449 quassatio
898 3369 1021 3432 auditur
1041 3388 1060 3432 a
1083 3370 1261 3451 presbitero,

348 3476 387 3522 aso
402 3459 558 3521 Nummos
581 3461 665 3538 putat
687 3458 853 3538 procedere
921 3478 959 3522 ex
981 3459 1050 3522 alvo
1075 3458 1181 3522 brutae
1205 3459 1326 3522 bestiae.

403 3546 523 3610 Clamat
545 3547 701 3610 sacerdos:
725 3547 835 3626 ,Pueri,
903 3548 1064 3625 abscedite,
1088 3548 1261 3625 domestici;

401 3635 493 3699 Solus
516 3654 614 3698 meam
640 3636 826 3716 recolligam,
895 3655 988 3716 quam
1012 3637 1125 3700 donavi
1150 3638 1330 3718 pecuniam‘.

401 3725 483 3788 Cum
507 3725 650 3788 sacerdos
677 3725 858 3789 scrutinium
927 3745 983 3806 per
1004 3727 1115 3788 timum
1139 3726 1209 3789 tacit
1231 3725 1390 3803 foetidum,

404 3815 510 3878 Unum
534 3814 687 3876 minutum
713 3815 853 3895 repperit
922 3815 1009 3895 quod
1032 3815 1209 3878 festinanter
1230 3814 1346 3896 accipit

349 3904 585 3981 rmJumentum,
608 3921 678 3966 cum
702 3921 755 3966 sex
783 3904 936 3968 mensium
1005 3904 1080 3967 olim
1108 3904 1216 3968 fuisset
1242 3904 1412 3985 parvulum,

400 3992 522 4055 Vulnus
544 3992 678 4072 suscepit
700 3992 800 4073 stipite
866 3994 917 4056 ani
941 3992 1042 4056 tenelli
1067 3993 1180 4057 limine.

402 4081 446 4144 lbi
470 4081 623 4143 minutum
648 4081 787 4160 substitit,
856 4081 889 4144 in
912 4082 1048 4145 cicatrice
1071 4082 1162 4160 latuit,

403 4171 487 4250 Equa
510 4189 581 4234 cum
606 4187 753 4234 nummos
777 4170 919 4247 reddidit,
987 4189 1068 4251 quos
1093 4171 1217 4235 Unibos
1244 4168 1413 4232 subintulit.

402 4259 453 4322 llla
475 4260 585 4323 scrobs
608 4259 650 4322 illi
674 4259 810 4322 vulneris
878 4259 1043 4322 invenienti
1068 4259 1191 4339 protuit,
