3525 5025
708 523 950 584 —195-

294 699 402 764 „Exite
431 698 511 775 hinc,
542 698 671 762 domina
696 698 868 778 sortilega·
917 698 999 762 Cum
1024 703 1125 762 autem
1156 717 1220 763 uon
1252 707 1362 781 posset,

291 787 394 850 emisit
424 805 491 851 eam
522 785 672 864 sacerdos,
706 787 849 867 [dicensl:
883 787 1002 853 „Modo
1033 787 1143 852 videtis
1172 790 1258 869 quod
1282 789 1364 854 latua

291 876 372 954 estis,
397 894 460 956 que
483 876 661 956 sompnium
685 876 840 939 veritatem
863 876 1014 941 creditis¹⁴

673 1024 724 1081 29.
773 1018 826 1098 [=
849 1018 880 1083 s.
906 1019 991 1099 aas]

383 1143 499 1207 Audivi
521 1143 617 1223 quod,
641 1161 712 1206 cum
728 1143 855 1223 quidam
875 1142 1059 1207 domicellus
1080 1144 1219 1224 graciose
1241 1145 1363 1209 cuidam

237 1254 278 1300 rao
294 1233 428 1314 principi
451 1233 584 1309 serviret,
614 1232 742 1312 quidam
766 1232 833 1312 ejus
855 1233 1030 1313 prepositus
1053 1233 1236 1312 maliciosus,
1268 1235 1294 1297 ei
1318 1237 1366 1298 in·

293 1321 414 1399 videns,
444 1321 595 1384 accusavit
617 1339 688 1385 eum
711 1320 795 1401 apud
827 1321 992 1385 dominum
1015 1339 1117 1400 suum,
1148 1321 1254 1386 dicens
1278 1324 1364 1404 quod

292 1427 353 1491 pro
387 1415 470 1474 certo
503 1411 617 1474 sciebat
654 1410 741 1491 quod
776 1428 846 1473 cum
886 1427 983 1474 uxore
1017 1427 1073 1474 sua
1106 1412 1364 1490 commisceretur,

291 1498 413 1562 addens
439 1499 543 1579 aliqua
569 1499 645 1562 falsa
672 1499 846 1579 intersigna
893 1498 975 1562 Cum
1002 1503 1104 1562 autem
1127 1499 1155 1562 ei
1179 1500 1365 1580 credidisset,

292 1589 470 1652 habuerunt
492 1587 656 1652 consilium
680 1588 832 1668 iniquum,
854 1593 885 1650 et
899 1588 1019 1652 vocavit
1038 1589 1104 1668 eius
1119 1588 1250 1653 consilio
1266 1590 1365 1654 dictus

238 1700 279 1746 rso
294 1677 440 1758 princeps
478 1676 630 1757 quosdam
671 1677 837 1758 operarios,
874 1677 929 1757 qui
959 1677 1115 1741 lomacem
1140 1677 1172 1741 in
1203 1683 1292 1742 nocte
1315 1679 1366 1743 illa

293 1766 451 1830 debebant
463 1765 650 1830 succendere
663 1766 702 1828 ad
719 1766 832 1829 calcem
849 1765 1028 1845 faciendam,
1052 1771 1081 1830 el
1102 1766 1173 1830 iecit
1194 1785 1250 1832 eos
1264 1768 1365 1848 iurare

292 1854 382 1935 quod
406 1855 438 1918 in
462 1873 553 1918 mane
583 1855 669 1918 illum
694 1855 847 1919 mitterent
869 1856 900 1919 in
924 1854 1082 1919 lomacem
1105 1855 1159 1936 qui
1183 1857 1303 1938 primus
1325 1857 1364 1921 ad

292 1962 350 2008 eos
373 1944 498 2010 veniret.
543 1943 625 2007 Cum
649 1948 750 2007 autem
774 1962 900 2008 summo
933 1962 1023 2008 mane
1045 1950 1244 2010 convocasset
1266 1947 1366 2011 dictus

293 2035 439 2114 princeps
461 2032 577 2097 dictum
604 2033 758 2113 juvenem,
788 2033 877 2112 jussit
899 2037 933 2097 ut
955 2033 1131 2097 festinanter
1159 2035 1214 2098 iret
1235 2034 1275 2098 ad
1292 2055 1366 2118 ope-

239 2123 402 2200 morarios,
426 2126 456 2185 et
479 2121 592 2186 diceret
606 2122 651 2186 eis
665 2121 752 2202 quod
768 2122 899 2186 omnino
922 2123 1056 2186 lacerent
1078 2122 1165 2203 quod
1188 2123 1247 2188 sibi
1268 2125 1367 2188 luerat

294 2212 489 2292 imperatum.
536 2211 588 2274 tlle
614 2216 725 2289 autem,
756 2212 834 2275 sicut
863 2210 995 2291 singulis
1025 2211 1136 2276 diebus
1167 2219 1367 2277 consueverat

292 2304 458 2381 antequam
482 2300 599 2380 aliquid
622 2300 740 2379 taceret,
763 2299 862 2364 voluit
883 2301 970 2382 prius
992 2301 1100 2363 audire
1123 2301 1246 2366 missam
1271 2321 1364 2382 quam

293 2390 349 2454 ire.
397 2389 576 2471 Prepositus
597 2394 699 2453 autem
723 2388 870 2469 gaudem,
894 2407 965 2452 cum
988 2389 1125 2453 crederet
1145 2390 1207 2470 iam
1231 2409 1302 2454 eum
1326 2390 1365 2454 ad

293 2478 452 2543 lomacem
476 2478 596 2544 venisse
619 2483 649 2542 et
670 2479 876 2557 combustum,
905 2477 1044 2560 prevenit
1066 2497 1146 2558 eum,
1177 2483 1207 2544 et
1227 2481 1268 2546 ab
1291 2497 1365 2561 ope·

242 2593 281 2638 ns
296 2569 385 2633 rariis
408 2568 440 2631 in
464 2568 620 2632 lomacem
645 2569 798 2650 projectus
820 2574 873 2633 est
920 2569 1066 2634 Similiter
1091 2568 1200 2633 accidit
1229 2569 1364 2649 illisqui

298 2657 461 2721 Danielem
492 2658 682 2739 proiecerant
712 2658 744 2720 in
774 2658 931 2722 lomacem
962 2676 1000 2722 ex
1030 2657 1147 2722 invidia
1179 2659 1272 2738 (Dan.
1295 2658 1364 2739 1111).

674 2806 725 2864 3ο.
773 2800 826 2880 [=
850 2800 880 2865 8.
906 2800 991 2881 333]

384 2923 468 2989 Cum
497 2925 529 2988 in
557 2923 672 2988 diocesi
697 2924 899 3005 Bisumptina,
929 2925 960 2987 in
992 2941 1054 3005 qua
1083 2924 1194 2988 assueti
1225 2923 1367 2987 solebant

295 3032 361 3078 esse
384 3014 530 3078 homines
551 3014 652 3094 jurare
674 3018 705 3075 et
727 3013 829 3077 Deum
854 3031 967 3093 negare
986 3013 1033 3076 vel
1056 3014 1217 3093 abnegare,
1241 3031 1365 3077 summo

295 3103 435 3166 diluculo
465 3103 578 3166 exirem
602 3102 642 3166 de
669 3101 806 3183 quodam
834 3105 942 3179 castro,
975 3101 1069 3165 habui
1097 3102 1221 3166 obviam
1249 3102 1366 3166 dictum

248 3214 284 3261 m
297 3192 469 3258 bubulcum
500 3190 711 3256 comedentem
740 3192 818 3272 pira;
850 3196 973 3254 etcum
1003 3208 1163 3271 quererem
1195 3192 1298 3272 siqui
1328 3192 1366 3254 ita

297 3300 387 3344 mane
418 3280 574 3345 reficiebat
601 3298 715 3361 corpus
743 3280 847 3343 adbuc
880 3280 1033 3343 reiecisset
1066 3279 1200 3343 animam
1231 3280 1365 3345 dicendo

296 3371 485 3434 dominicam
516 3370 702 3448 oracionem,
731 3370 851 3450 jurabat
881 3373 912 3432 et
944 3368 1046 3431 Deum
1078 3370 1250 3449 abnegabat
1278 3369 1365 3450 quod

297 3461 361 3540 ipse
386 3459 476 3523 Pater
498 3463 603 3524 noster
632 3459 793 3523 nesciebat
840 3460 876 3522 Et
903 3476 974 3522 cum
1005 3476 1065 3537 ego
1094 3459 1262 3538 arguebam
1293 3476 1365 3522 eum

297 3548 336 3612 de
358 3549 420 3613 lroc
443 3549 529 3629 quod
553 3548 619 3629 ipse
640 3548 761 3628 jurabat
776 3553 806 3612 et
822 3549 924 3612 Deum
942 3547 1072 3627 negabat
1089 3566 1127 3610 ex
1143 3547 1366 3612 consuetudine

154 3601 155 3658 ¹
250 3659 286 3706 m
298 3637 429 3717 jurandi,
464 3637 639 3719 perdurabat
667 3637 773 3717 jurans
803 3641 832 3701 et
860 3638 1018 3716 abnegans
1049 3636 1151 3700 Deum
1184 3637 1271 3716 quod
1301 3637 1367 3717 ipse

299 3745 355 3792 nec
378 3726 481 3789 Deum
512 3727 665 3807 juraverat
693 3744 751 3789 nec
778 3726 995 3807 abnegaverat;
1026 3730 1056 3789 et
1082 3726 1127 3789 sic
1153 3742 1276 3807 semper
1298 3744 1366 3807 per-

298 3816 417 3895 iurabat
439 3834 510 3880 cum
534 3816 606 3897 plus
627 3833 699 3879 eum
723 3816 762 3880 de
786 3817 847 3881 hoc
867 3815 1048 3896 arguebam.

673 3963 723 4022 31.
771 3957 824 4040 [=
848 3957 879 4026 s,
904 3956 989 4037 343]

386 4084 500 4148 Audivi
523 4102 541 4147 a
563 4083 700 4164 quodam
725 4084 816 4148 tratre
838 4082 995 4147 sacerdote
1011 4086 1041 4145 et
1063 4081 1260 4162 predicatore,
1283 4080 1366 4145 dicto

301 4173 388 4238 fratre
411 4174 558 4255 Symone,
588 4172 683 4253 quod,
713 4192 784 4237 cum
808 4172 935 4253 quidam
967 4172 1114 4234 heremita
1144 4170 1304 4233 miraretur
1334 4170 1365 4233 in

259 4276 291 4324 m
303 4262 393 4327 corde
407 4281 475 4341 suo,
499 4280 697 4326 murmurans
712 4262 752 4326 de
767 4262 897 4326 diversis
918 4260 1041 4341 iudiciis
1057 4259 1125 4338 Dei,
1149 4259 1188 4323 de
1204 4260 1266 4324 hoc
1279 4258 1366 4339 quod

1208 4379 1261 4433 ts·

155 3991 157 4078 l
