3525 5025
854 498 1074 553 ..42-

844 668 938 733 XXV.
987 674 1081 732 t-6.

523 772 551 840 1.
575 774 700 839 Dictum
731 779 776 839 esf
806 776 893 857 quod
924 776 1050 857 quidam
1082 776 1158 839 latro
1181 776 1221 838 ad
1245 776 1374 841 domum
1398 778 1507 858 cujus

433 865 504 928 darn
528 864 630 929 divitis
653 864 784 947 perrexit
807 864 976 929 intentione
998 864 1131 943 furandi,
1154 869 1184 928 et
1198 866 1368 930 ascendens
1379 869 1506 943 tectum,

378 970 418 1018 ru
432 954 472 1018 ad
496 954 658 1019 fenestram
689 972 744 1035 per
774 971 867 1034 quam
899 954 1004 1018 fumus
1034 954 1142 1033 exibat
1172 957 1201 1017 el
1230 954 1256 1018 si
1283 954 1397 1035 aliquis
1421 955 1508 1019 intus

433 1042 579 1125 vigilaret,
602 1043 789 1107 auscultavit
836 1042 932 1117 Quod
963 1048 998 1106 ut
1028 1043 1175 1107 dominus
1206 1044 1320 1107 domus
1342 1044 1507 1125 comperit,

431 1132 562 1197 suaviter
584 1149 658 1196 suae
680 1132 769 1196 uxori
792 1132 845 1195 ait:
870 1133 1025 1212 Interroga
1047 1132 1105 1195 alta
1128 1150 1203 1195 voce
1226 1133 1310 1195 unde
1325 1133 1411 1196 venit
1426 1132 1507 1196 mihi

433 1222 487 1286 iste
516 1226 577 1285 tarn
609 1239 741 1301 magnus
771 1238 883 1285 census
906 1239 999 1302 quem
1024 1222 1133 1298 habeo,
1161 1239 1254 1302 quam
1279 1226 1402 1285 utrem
1427 1222 1508 1286 scias

433 1312 563 1375 multum
595 1310 708 1375 labora.
741 1347 767 1355 -
800 1318 829 1373 2.
857 1311 946 1374 Tunc
977 1310 1043 1391 ipsa
1072 1310 1130 1373 alfa
1159 1329 1236 1375 voce
1265 1312 1318 1374 ait:
1354 1310 1506 1389 Domine,

379 1416 419 1463 rao
434 1401 517 1464 unde
540 1404 601 1463 tarn
626 1418 774 1480 magnum
798 1417 924 1464 censum
949 1400 1053 1476 habes,
1077 1417 1174 1479 quum
1199 1417 1359 1481 nunquam
1387 1419 1506 1464 merca·

431 1493 481 1553 tor
503 1488 620 1552 fueris?
652 1524 678 1533 -
710 1488 750 1552 nt
772 1488 835 1553 ille:
867 1488 965 1563 Quod
998 1488 1084 1551 Deus
1114 1489 1241 1553 donavit
1270 1490 1331 1553 hoc
1352 1507 1462 1569 serva,
1478 1493 1508 1553 et

432 1577 480 1642 fac
502 1578 575 1641 inde
597 1578 785 1642 voluntatem
809 1581 903 1657 tuam,
926 1581 956 1641 et
979 1595 1043 1640 non
1068 1577 1205 1658 inquiras
1228 1577 1312 1641 unde
1327 1578 1405 1640 milri
1423 1582 1507 1642 tanta

432 1668 563 1749 pecunia
586 1667 728 1730 evenerit
760 1703 787 1711 -
818 1666 857 1730 At
873 1667 946 1747 ipsa,
970 1670 1004 1730 ut
1018 1666 1077 1730 sibi
1094 1666 1264 1746 iniunctum
1281 1667 1387 1745 fuerat,
1404 1668 1508 1749 magis

432 1761 461 1820 et
484 1757 582 1837 magis
605 1760 639 1819 ut
660 1774 725 1819 rem
749 1757 838 1820 sciret
861 1756 1021 1836 instigavit
1069 1762 1097 1819 3.
1122 1756 1267 1836 Demum,
1298 1756 1388 1836 quasi
1417 1775 1506 1820 coac-

379 1862 419 1909 rar
433 1849 483 1910 tus
505 1845 648 1927 precibus
672 1846 759 1909 uxori
784 1863 857 1909 suae
879 1845 920 1907 ait
942 1844 1104 1908 dominus:
1127 1845 1206 1909 Vide
1229 1863 1269 1909 ne
1291 1845 1440 1925 cuiquam
1457 1864 1506 1909 se-

432 1940 510 1999 creta
546 1939 649 1998 nostra
679 1934 811 2016 detegas.
858 1936 947 1998 Latro
981 1934 1035 1997 fui.
1064 1969 1096 1978 -
1125 1933 1165 1997 At
1197 1934 1264 2015 ipsa
1295 1934 1348 1997 ait:
1386 1934 1505 1997 Mirum

433 2022 507 2088 milri
532 2023 653 2087 videtur
675 2023 837 2103 quomodo
860 2027 921 2086 tam
946 2041 1094 2103 magnum
1118 2040 1245 2087 censum
1269 2023 1431 2087 latrocinio
1456 2042 1506 2087 ac-

432 2114 554 2194 quirere
577 2112 710 2193 potuisti,
735 2112 821 2194 quod
845 2129 1007 2192 nunquam
1038 2112 1215 2177 audivimus
1244 2113 1412 2176 clamorem
1437 2112 1504 2176 sive

431 2202 565 2283 aliquam
589 2202 772 2265 calumniam
798 2202 879 2266 inde.
902 2236 947 2246 -
976 2211 1004 2264 4.
1027 2202 1066 2265 At
1089 2200 1154 2282 ipse
1184 2203 1237 2265 ait:
1268 2200 1406 2276 Quidam
1440 2220 1506 2264 ma·

379 2309 419 2356 rau
433 2290 526 2372 gister
560 2308 648 2354 meus
681 2309 803 2354 carmen
839 2309 889 2354 me
923 2290 1053 2370 edocuit,
1085 2291 1171 2370 quod
1201 2291 1340 2354 dicebam
1372 2291 1505 2371 quando

431 2398 524 2461 super
547 2384 658 2443 fectum
681 2379 893 2458 ascendebam,
923 2384 953 2442 et
975 2379 1102 2444 veniens
1125 2381 1164 2443 ad
1188 2380 1349 2443 fenestram
1372 2374 1505 2461 accipie·

432 2469 503 2533 bam
528 2468 648 2533 radium
673 2470 763 2534 lunae
786 2486 889 2548 manu,
913 2472 942 2532 et
964 2486 1086 2534 carmen
1103 2488 1207 2534 meum
1224 2469 1336 2551 septies
1350 2468 1504 2549 dicebam,

431 2558 555 2623 scilicet:
592 2558 771 2623 Saulem!
818 2558 998 2623 Saulem!
1047 2561 1082 2623 Et
1113 2560 1152 2623 ifa
1181 2557 1406 2623 descendebam
1435 2559 1505 2622 sine

432 2648 577 2730 periculo,
609 2652 638 2711 ef
665 2648 813 2729 quicquid
838 2648 1006 2730 pretiosum
1031 2648 1134 2712 inveni
1158 2649 1189 2712 in
1213 2648 1311 2714 domo
1334 2647 1505 2711 corradens

379 2753 419 2800 aas
434 2739 605 2802 sumebam.
653 2739 723 2802 lloc
754 2739 840 2816 facto,
866 2736 1037 2801 iterumad
1070 2737 1190 2803 radium
1214 2739 1306 2801 lunae
1328 2736 1503 2816 veniebam,

432 2832 461 2890 et
495 2828 605 2891 eodem
641 2827 774 2890 carmine
809 2827 890 2890 dicto
925 2827 1036 2908 septies
1066 2847 1136 2892 cum
1167 2827 1316 2891 omnibus
1343 2827 1374 2888 in
1403 2824 1505 2889 domo

432 2918 562 2998 sumptis
584 2916 796 2994 ascendebam,
827 2919 856 2980 et
879 2917 965 2996 quod
988 2919 1169 2980 sustuleram
1192 2916 1231 2980 ad
1256 2915 1424 2996 hospitium
1449 2915 1504 2979 de-

432 3005 577 3069 ferebam.
612 3005 677 3068 Tali
702 3005 828 3086 ingenio
853 3005 936 3069 hunc
959 3022 1053 3086 quern
1077 3006 1224 3087 possideo
1247 3023 1373 3069 censum
1391 3003 1504 3068 habeo.

433 3128 474 3138 —
502 3097 528 3158 5.
552 3095 592 3157 nt
621 3094 733 3157 mulier
762 3095 815 3158 ait:
847 3094 931 3158 Bene
961 3093 1057 3159 fecisti
1087 3096 1173 3177 quod
1198 3095 1274 3158 milri
1297 3093 1367 3156 talia
1389 3092 1504 3171 dixisti,

380 3199 419 3245 uo
436 3200 506 3245 nam
530 3182 719 3263 quandoque
742 3183 842 3247 filium
867 3184 1015 3262 habuer0,
1039 3204 1078 3248 ne
1101 3202 1219 3267 pauper
1233 3183 1331 3264 degat,
1355 3182 1415 3246 hoc
1437 3200 1504 3245 car·

433 3289 504 3335 men
528 3271 657 3335 docebo.
690 3308 716 3316 -
747 3274 788 3336 nt
810 3273 959 3338 dominus
982 3272 1094 3355 inquit:
1119 3273 1261 3337 Permitte
1284 3290 1335 3335 me
1355 3270 1503 3350 dormire,

433 3361 581 3440 quoniam
605 3380 718 3425 somno
741 3366 924 3444 aggravatus
947 3363 1020 3427 volo
1044 3365 1208 3444 quiescere.
1236 3398 1262 3406 —
1287 3362 1323 3423 El
1345 3364 1380 3423 uf
1402 3361 1504 3439 magis

433 3449 585 3532 deciperet
608 3451 694 3531 quasi
719 3451 878 3515 dormiens
909 3457 1032 3517 stertere
1062 3452 1169 3534 coepit.
1217 3458 1245 3515 6.
1271 3449 1424 3530 Percepfis
1448 3448 1503 3511 de-

434 3539 529 3620 nique
551 3539 663 3604 talibus
685 3541 796 3619 verbis,
821 3541 871 3603 fur
895 3542 967 3605 inde
990 3542 1122 3622 gavisus,
1147 3545 1176 3604 et
1198 3540 1279 3604 dicto
1303 3538 1415 3620 septies
1436 3555 1503 3600 car·

379 3645 419 3691 ms
435 3629 525 3706 mine,
550 3633 579 3692 et
600 3633 725 3711 sumpto
750 3648 842 3693 manu
866 3631 954 3694 radio
970 3632 1068 3707 lunae,
1092 3631 1196 3694 laxatis
1213 3628 1355 3692 manibus
1370 3630 1399 3689 et
1415 3626 1502 3708 pedi-

433 3718 492 3781 bus
500 3735 555 3799 per
561 3717 722 3782 fenestram
733 3719 763 3782 in
772 3719 913 3799 domum,
925 3720 1039 3783 faciens
1047 3738 1159 3784 sonum
1173 3736 1330 3799 magnum,
1340 3715 1460 3795 cecidit,
1472 3720 1503 3779 et

433 3806 526 3870 fracto
549 3825 637 3870 crure
660 3811 689 3871 el
712 3808 838 3873 brachio
862 3809 1019 3890 ingemuit.
1057 3809 1096 3873 nt
1112 3808 1259 3873 dominus
1278 3806 1393 3870 domus
1412 3804 1501 3885 quasi

433 3896 571 3959 nesciens
593 3896 645 3959 ait:
669 3898 716 3960 Tu
741 3897 811 3978 quis
834 3916 875 3976 es,
899 3898 953 3979 qui
978 3899 1017 3962 ita
1032 3899 1187 3962 cecidisti?
1212 3934 1237 3942 -
1262 3895 1311 3958 nd
1335 3895 1396 3958 froc
1411 3895 1501 3956 latro:

434 3984 500 4064 Ego
523 4002 592 4048 sum
616 3985 667 4049 ille
690 3986 795 4050 infelix
818 3986 875 4065 fur,
900 3988 954 4068 qui
982 3988 1042 4051 tuis
1064 3987 1179 4051 credidi
1208 3985 1366 4050 fallacibus
1388 3982 1500 4046 verbis.

838 4130 947 4194 xxix.
997 4136 1090 4194 t-6.

379 4251 419 4297 rso
526 4243 553 4297 1.
577 4234 765 4304 Recordafus
779 4255 848 4300 sum
866 4237 960 4314 verbi,
984 4237 1070 4317 quod
1085 4237 1189 4299 audivi
1213 4237 1253 4300 de
1276 4238 1499 4319 Maymundo
