3525 5025
659 510 902 569 -125-

263 682 323 745 dicti
338 702 392 763 pro
407 686 492 765 regui
508 685 652 749 dominio
669 684 870 764 litigauerunt
895 684 984 747 Miles
999 684 1125 764 quidam
1142 688 1311 762 veteranus,

262 773 361 834 mortui
384 775 464 853 regis
480 775 639 855 quondam
656 775 832 837 secretarius
854 774 1001 854 specialis,
1026 774 1112 854 regui
1129 774 1311 854 primatibus

261 860 298 923 sic
318 861 444 925 dicebat:
477 864 608 929 „Audite
639 864 801 926 consilium
827 864 945 925 meum!
993 862 1121 942 Expedit
1148 863 1246 939 vobis,
1279 867 1312 925 ut

260 968 360 1029 corpus
391 952 527 1015 defuncti
558 953 639 1032 regis
669 953 708 1015 de
737 953 928 1032 sarcophago
958 952 1083 1029 tollatis;
1122 955 1151 1014 et
1181 951 1311 1032 quilibet

218 1053 351 1101 anarcum
374 1059 445 1104 cum
468 1043 577 1121 sagitta
591 1046 729 1122 paratum
747 1043 861 1117 habeat,
886 1041 1107 1121 etquicunque
1123 1041 1310 1121 profundius

259 1146 359 1207 corpus
388 1131 582 1211 sagittauerit,
626 1149 754 1209 regnum
793 1148 884 1193 suum
925 1130 1074 1193 habebitt
1124 1130 1241 1193 Placuit
1268 1130 1313 1193 eis

258 1217 418 1284 consilium.
454 1221 574 1282 Patrem
598 1238 690 1282 suum
714 1220 752 1282 de
776 1221 845 1283 loco
861 1219 1036 1283 effoderunt
1055 1224 1083 1282 et
1105 1219 1144 1281 ad
1168 1220 1309 1283 arborem
1389 1224 1403 1239 '

259 1303 429 1383 ligauerunt
464 1309 587 1371 Primus
609 1310 746 1389 sagittam
771 1309 882 1371 iaciens
906 1327 1031 1371 manum
1055 1308 1191 1371 dextram
1216 1308 1311 1389 patris

258 1394 297 1455 sui
318 1397 498 1461 uulnerauit
544 1397 616 1471 Qua
639 1398 678 1461 de
700 1417 733 1461 re
754 1403 899 1478 tanquam
929 1399 1016 1461 heres
1038 1398 1147 1461 vnicus
1170 1403 1198 1462 et
1221 1398 1309 1478 regni

216 1496 248 1541 au
259 1481 394 1549 dominus
409 1488 566 1567 gloriatur.
602 1486 762 1551 Secundus
776 1505 850 1550 vero
866 1491 1014 1566 torquens
1029 1487 1165 1567 sagittam
1182 1487 1312 1568 propius

257 1574 382 1650 sagittam
406 1578 440 1638 in
464 1594 501 1639 os
524 1576 647 1639 letanter
669 1576 905 1656 quodammodo
928 1576 1093 1656 sagittabat.
1137 1576 1226 1640 Vnde
1249 1575 1308 1639 sibi

258 1677 375 1739 reguum
400 1666 518 1728 cercius
547 1665 722 1731 ascribebat
768 1666 889 1729 Tertius
911 1669 1012 1728 autem
1036 1683 1090 1728 cor
1113 1665 1179 1727 eius
1202 1665 1307 1744 sagitta

258 1752 419 1833 perlorauit,
455 1755 509 1835 qui
542 1755 600 1834 (BL
626 1756 710 1833 381¹.)
741 1773 774 1817 se
808 1773 865 1835 pro
900 1754 965 1818 suis
999 1754 1142 1817 tratribus
1177 1772 1307 1834 regnum

257 1841 368 1914 putabat
402 1844 470 1907 sine
504 1844 555 1906 lite
593 1844 757 1907 certissime
792 1861 1017 1923 possessurum.
1065 1841 1202 1917 Quartus
1235 1861 1308 1906 vero

218 1938 319 1991 uocum
340 1934 496 1996 accederet
522 1933 560 1995 ad
585 1952 705 2014 corpus,
736 1933 886 2012 ingemuit
908 1936 936 1995 et
959 1951 1035 1996 voce
1059 1932 1243 1996 lamentabili
1267 1932 1311 1995 sic

258 2014 375 2084 dicebat:
402 2022 551 2089 „absita
574 2041 631 2099 me,
655 2027 686 2085 vt
708 2040 767 2102 ego
790 2040 904 2103 corpus
928 2022 1020 2103 patris
1044 2022 1103 2085 mei
1127 2021 1233 2084 viuum
1258 2025 1310 2084 aut

260 2112 403 2173 mortuum
440 2129 577 2191 unquam
617 2111 751 2174 ledaml¹¹
800 2112 870 2175 titis
904 2111 993 2174 dictis
1031 2111 1116 2191 regni
1156 2111 1309 2191 principes

259 2192 399 2279 simulque
437 2200 574 2281 populus
607 2201 769 2264 uniuersus
806 2200 939 2263 eundem
976 2200 1120 2263 iuuenem
1155 2200 1309 2263 eleuautes

259 2285 399 2365 tamquam
430 2307 539 2351 vemm
571 2290 714 2352 heredem
746 2294 776 2352 et
803 2290 889 2370 regni
920 2290 1084 2353 dominum
1118 2288 1310 2369 imperatoris

220 2373 328 2437 ansollo
350 2377 536 2457 locauerunt,
560 2379 661 2441 etalii
686 2380 722 2440 lll
747 2379 833 2442 omui
856 2377 1002 2458 dignitate
1025 2382 1111 2441 eraut
1133 2378 1253 2459 priuati.

595 2629 671 2710 Cap.
699 2632 756 2693 105
784 2630 843 2710 (Bt.
869 2630 962 2709 39r.).

297 2747 444 2837 De'milite,
465 2767 534 2840 [quil
553 2767 774 2835 semiambulaus,
798 2768 994 2840 semiequitaus
1013 2767 1086 2823 veuit
1105 2766 1139 2822 ad
1160 2782 1261 2837 regem.

335 2913 468 2988 Quidam
493 2915 581 2978 miles
604 2914 758 2995 quendam
776 2934 888 2995 regem,
912 2934 929 2977 a
953 2932 1017 2994 quo
1041 2913 1214 2976 infeudatus
1237 2916 1310 2990 erat,

260 3001 376 3072 grauiter
398 3004 537 3066 otieudit
584 3005 667 3067 Misit
689 3004 727 3066 ad
752 3023 822 3067 eum
855 3004 972 3079 milites,
1004 3007 1036 3065 vt
1066 3021 1123 3083 pro
1151 3021 1189 3066 eo
1218 3002 1308 3065 inter-

262 3088 394 3154 cederent.
428 3094 487 3156 Vix
503 3094 569 3156 eius
590 3094 757 3157 amiciciam
781 3094 840 3157 sub
857 3095 917 3157 hoc
933 3098 1020 3173 pacto
1036 3093 1176 3172 optinuit,
1192 3091 1308 3155 scilicet

261 3179 331 3251 quod
353 3182 392 3244 ad
416 3183 532 3244 curiam
560 3183 626 3246 eius
654 3182 748 3262 pedes
771 3186 800 3245 et
822 3201 918 3263 eques
945 3181 1063 3262 pariter,
1095 3181 1126 3242 id
1150 3186 1195 3244 est
1217 3180 1308 3244 semi-

225 3268 407 3334 ltltmbulaus
437 3278 467 3333 et
495 3272 711 3352 semiequitans
733 3273 857 3351 veniret,
891 3276 920 3334 et
947 3271 1033 3351 quod
1057 3289 1160 3333 secum
1185 3270 1309 3333 duceret

261 3349 458 3423 fidelissimum
476 3361 608 3424 amicum
632 3365 662 3424 et
683 3361 880 3425 ioculatorem
906 3364 934 3423 et
957 3360 1115 3422 inimicum
1140 3359 1307 3439 perfidissi-

182 3480 184 3531 j
261 3457 339 3509 mum.
371 3449 443 3523 Qua
459 3449 546 3512 dere
569 3451 657 3513 miles
680 3451 871 3514 contristatus
888 3450 1020 3529 cogitare
1043 3449 1128 3528 cepit,
1145 3448 1308 3529 quomodo

182 3534 183 3543 ’
262 3528 309 3596 hoc
320 3539 488 3619 adimplere
504 3544 615 3620 posset.
653 3539 796 3613 Quadam
812 3558 886 3603 vero
904 3544 992 3602 nocte
1015 3556 1085 3601 cum
1109 3539 1306 3618 peregrinum

180 3640 184 3707 ξ
261 3627 398 3697 quendam
433 3628 573 3709 hospicio
596 3629 764 3709 recepisset,
796 3630 872 3691 clam
898 3627 973 3690 dixit
995 3627 1082 3690 vxori
1106 3645 1173 3690 sue:
1208 3626 1308 3703 „Sciq

182 3742 183 3763 r
226 3713 320 3786 lltquia
341 3717 494 3797 peregrini
518 3723 691 3798 promptam
720 3718 898 3798 peccuniam
921 3721 994 3780 sunt
1016 3734 1119 3779 secum
1144 3718 1308 3797 portantes.

261 3795 325 3867 Volo
359 3807 459 3886 igitur,
497 3807 522 3869 si
552 3811 585 3869 tu
618 3806 737 3884 suades,
772 3807 856 3870 hunc
890 3806 1087 3887 peregrinum
1124 3804 1308 3880 interlicere;

183 3926 184 3951 r
262 3895 517 3963 montaureus
547 3896 784 3977 optinebimus.“
832 3896 871 3958 m
894 3896 957 3958 illa:
993 3897 1136 3960 „Bonum
1160 3897 1205 3956 est
1234 3910 1308 3954 cou-

261 3976 375 4046 silium.u
424 3983 613 4065 Cunctisque
643 3985 869 4048 dormientibus
901 3985 979 4048 circa
1010 3983 1181 4046 diluculum
1211 3980 1310 4058 surgit

261 4069 339 4152 nites,
369 4073 568 4154 peregrinum
592 4075 725 4137 excitans
747 4074 832 4136 abire
854 4075 951 4152 iubet;
981 4089 1140 4149 unumque
1175 4070 1213 4132 de
1244 4069 1310 4130 suis

226 4157 347 4226 *livitulis
377 4165 409 4225 iu
444 4162 540 4226 irusta
574 4164 669 4227 secuit
702 4180 885 4243 ponensque
915 4182 950 4225 ea
983 4163 1013 4223 iu
1044 4177 1140 4223 sacco.
1189 4155 1311 4219 Deinde

260 4261 369 4315 uorem
401 4269 488 4315 suam
519 4253 625 4316 excitat
653 4252 793 4330 dansque
823 4252 882 4314 sibi
914 4268 1044 4327 saccum,
1075 4251 1107 4309 vt
1137 4245 1168 4307 in
1192 4243 1308 4322 angulo
