3525 5025
641 524 859 580 „27-

226 694 353 773 discede;
368 701 397 758 tu
410 696 514 775 homo,
531 696 571 759 de
587 695 738 759 solvendo
753 700 895 776 serpente
909 694 974 759 noli
990 695 1139 759 laborare.
1164 696 1279 759 Nonne

226 784 330 863 legisti:
353 784 412 859 Qui
436 785 609 867 pendulum
632 783 764 863 solverit,
787 802 976 866 supereum
1003 783 1114 865 [ruina]
1140 785 1218 848 erit?

635 926 712 993 Vlll.
759 934 854 989 2-4.
945 996 950 1003 .

192 1066 215 1111 n
311 1060 337 1115 2.
358 1051 493 1127 Quidam
509 1051 697 1115 versificator
712 1068 818 1115 versus
835 1050 971 1131 [faciens]
990 1051 1190 1131 praesentavit
1205 1052 1278 1133 regi.

228 1139 261 1201 Et
274 1139 400 1204 laudavit
414 1160 467 1203 rex
483 1140 642 1221 ingenium
658 1157 759 1218 suum,
775 1140 925 1220 jussitque
940 1145 974 1203 ut
988 1140 1109 1204 donum
1125 1158 1184 1222 pro
1199 1140 1278 1204 facto

226 1235 396 1307 exposceret.
435 1230 501 1303 Qui
516 1230 575 1292 tale
591 1229 709 1293 donum
726 1228 905 1310 expostulat,
928 1233 962 1291 ut
976 1246 1010 1293 se
1024 1228 1186 1308 ianitorem
1205 1246 1279 1293 suae

227 1316 342 1381 civitatis
362 1337 417 1400 per
440 1335 578 1382 mensem
602 1318 720 1397 faceret
743 1322 773 1381 et
794 1318 944 1400 acciperet
965 1317 1005 1381 ab
1028 1318 1114 1382 omni
1144 1317 1279 1397 gibboso

226 1404 381 1486 denarium,
406 1412 435 1470 et
457 1407 600 1471 scabioso
623 1407 792 1485 denarium,
816 1412 846 1470 et
866 1407 1035 1471 monoculo
1056 1406 1226 1485 denarium,
1249 1412 1279 1470 et

192 1508 217 1553 n
230 1492 434 1576 impetiginoso
463 1496 634 1575 denarium,
657 1500 686 1559 et
713 1496 860 1560 hernioso
887 1495 1058 1561 denarium.
1106 1495 1202 1571 Quod
1226 1514 1279 1559 rex

228 1587 363 1649 concessit
385 1590 414 1649 et
437 1602 496 1649 suo
519 1585 622 1665 sigillo
646 1584 809 1649 roboravit.
855 1584 920 1660 Qui
945 1585 1114 1649 ministerio
1136 1591 1278 1665 suscepto

228 1678 322 1749 portae
341 1674 462 1753 assedit,
485 1678 515 1737 et
538 1674 739 1737 ministerium
763 1691 855 1737 suum
879 1674 950 1754 egit.
998 1681 1028 1738 3.
1052 1673 1197 1749 Quadam
1228 1673 1279 1736 die

227 1760 365 1837 gibbosus
387 1764 469 1827 bene
496 1767 641 1845 cappatus
663 1782 734 1826 curn
759 1763 869 1828 baculo
893 1768 1012 1843 portam
1042 1763 1171 1827 intravit.
1217 1762 1278 1827 Cui

227 1852 401 1917 versificator
413 1852 526 1917 obvius
538 1851 698 1916 denarium
712 1852 852 1933 postulat,
864 1852 919 1932 qui
930 1851 1004 1916 dare
1015 1852 1186 1932 denegavit.
1207 1852 1277 1915 Vim

192 1951 217 1997 us
229 1936 363 2005 inferente
374 1941 587 2015 versificatore,
606 1941 681 2003 dum
695 1941 849 2022 caputium
862 1941 902 2003 de
913 1941 1010 2022 capite
1021 1941 1100 2004 levat
1110 1940 1278 2021 gibbosum

228 2030 417 2095 monoculum
433 2030 637 2112 deprehendit
652 2047 728 2094 esse.
759 2029 848 2093 Duos
864 2048 939 2110 ergo
955 2030 1099 2094 denarios
1114 2030 1280 2111 postulata

230 2134 286 2194 quo
306 2120 388 2200 prius
410 2138 510 2183 unum
533 2119 664 2200 expetiit
703 2118 812 2183 Noluit
834 2118 917 2182 dare.
957 2119 1102 2188 Retentus
1124 2122 1176 2183 est.
1205 2120 1278 2182 Non

229 2204 334 2271 habens
359 2209 507 2272 auxilium
536 2208 643 2288 fugere
666 2207 771 2286 voluit,
795 2207 850 2271 sed
874 2226 930 2288 per
951 2209 1108 2290 caputium
1136 2211 1280 2271 retractus

230 2297 314 2375 capite
335 2297 448 2362 nudato
468 2298 610 2379 apparuit
629 2297 797 2361 scabiosus.
838 2296 975 2361 Postulat
994 2297 1022 2360 ei
1043 2301 1104 2361 tres
1124 2296 1278 2361 denarios.

192 2393 219 2440 m
233 2391 257 2447 4.
270 2386 377 2450 Videns
387 2387 540 2468 gibbosus
552 2404 654 2466 neque
665 2386 739 2466 fuga
751 2402 852 2466 neque
862 2385 978 2449 auxilio
992 2404 1026 2450 se
1037 2404 1130 2467 posse
1145 2385 1279 2461 defendi,

230 2475 318 2556 coepit
336 2476 365 2539 vi
385 2476 532 2555 resistere,
553 2475 786 2556 defendensque
807 2492 840 2539 se
857 2475 979 2541 nudatis
994 2475 1127 2540 brachiis
1141 2475 1281 2557 apparuit

231 2561 334 2628 habens
349 2566 568 2647 impetiginem.
603 2565 756 2639 Quartum
773 2583 846 2629 vero
863 2565 1024 2628 denarium
1041 2564 1183 2646 postulat.
1219 2564 1279 2629 Cui

231 2648 390 2716 defendenti
411 2673 539 2736 cappam
563 2654 695 2719 abstulit.
737 2655 773 2717 Et
787 2654 914 2717 cadente
937 2654 990 2718 illo
1014 2655 1045 2718 in
1069 2658 1189 2732 terram,
1213 2654 1280 2716 her-

231 2739 340 2804 niosum
362 2744 520 2824 comperit
560 2743 714 2819 Quintum
738 2761 813 2823 ergo
836 2742 998 2807 denarium
1021 2744 1061 2808 ab
1084 2761 1123 2807 eo
1145 2743 1278 2807 extorsit.

192 2825 416 2983 ιιῡέὲὲιῖοῃίίξίί
438 2837 472 2896 ut
494 2833 548 2913 qui
565 2850 663 2896 unum
687 2833 768 2896 ultro
783 2832 856 2896 dare
877 2832 985 2910 noluit,
1008 2832 1148 2913 quinque
1168 2832 1281 2895 invitus

283 2937 291 2980 r

655 3046 693 3110 Χ.
742 3051 837 3110 6-8.

308 3195 335 3254 6.
360 3189 496 3253 Perrexit
522 3187 649 3269 quidam
673 3188 861 3252 vindemiare
888 3189 1010 3253 vineam
1039 3207 1137 3253 suam.
1183 3186 1279 3262 Quod

231 3291 299 3338 uxor
312 3278 392 3342 illius
412 3278 522 3342 videns
543 3277 689 3341 intellexit
708 3278 795 3340 illum
814 3277 893 3341 circa
908 3277 1028 3341 vineam
1045 3277 1161 3341 diutius
1181 3295 1280 3341 mora-

230 3367 330 3429 nnum.
367 3369 403 3431 Et
423 3368 518 3431 misso
540 3367 655 3431 nuncio
675 3367 856 3430 convocavit
876 3367 1019 3445 amicum,
1041 3365 1281 3447 conviviumque

192 3460 312 3530 uparat.
349 3456 469 3522 Accidit
491 3460 592 3519 autem
619 3455 705 3536 quod
730 3456 878 3519 dominus
903 3474 990 3520 ramo
1008 3456 1117 3519 vineae
1137 3456 1168 3518 in
1189 3457 1281 3520 oculo

231 3559 378 3619 percussus
393 3546 454 3610 cito
470 3545 599 3609 domum
617 3544 736 3624 rediret,
752 3544 828 3608 nihil
841 3544 880 3608 de
896 3545 989 3609 oculo
1002 3563 1148 3626 percusso
1158 3544 1281 3620 videns;

230 3633 403 3716 veniensque
425 3634 465 3697 ad
488 3638 607 3716 portam
628 3634 743 3699 domus
762 3652 836 3698 suae
862 3634 976 3698 ostium
997 3634 1137 3715 pulsavit.
1184 3634 1281 3709 Quod

231 3736 298 3784 uxor
329 3723 501 3804 intelligens
535 3723 665 3787 nimium
702 3723 875 3806 perturbata
910 3727 1112 3787 convocatum
1147 3722 1280 3786 amicum

230 3808 377 3876 abscondit
390 3831 542 3892 seorsum,
558 3817 588 3876 et
601 3813 670 3876 viro
684 3829 743 3876 suo
759 3813 857 3876 statim
874 3812 988 3877 ostium
1004 3813 1123 3893 aperire
1137 3812 1279 3875 cucurrit.

193 3905 221 3956 us
235 3902 256 3960 i.
277 3900 337 3976 Qui
359 3903 477 3965 intrans
506 3902 637 3965 nimium
661 3901 752 3965 tristis
775 3905 805 3964 et
826 3901 959 3983 graviter
984 3899 1096 3965 dolens
1119 3901 1150 3963 in
1181 3900 1281 3976 oculo,

231 3985 305 4064 jussit
326 3991 357 4054 in
382 4009 501 4054 camera
524 3990 634 4055 lectum
660 4008 839 4072 praeparare
862 3995 896 4054 ut
922 3989 965 4053 ibi
989 3993 1094 4071 posset
1116 3989 1281 4070 quiescere.

232 4074 331 4143 Timuit
351 4099 432 4144 uxor
452 4098 490 4143 ne
511 4080 627 4143 intrans
646 4097 798 4143 cameram
819 4079 953 4143 amicum
975 4078 1138 4141 latitantem
1154 4078 1280 4141 videret.

234 4163 305 4232 Dixit
322 4171 363 4233 ei:
385 4168 472 4246 Quid
496 4173 612 4232 tantum
629 4184 777 4250 properas
791 4167 830 4231 ad
848 4168 983 4230 lectum?
1023 4167 1082 4230 Dic
1104 4166 1179 4229 mihi
1197 4167 1282 4247 prius

234 4257 296 4332 quid
309 4259 362 4322 tibi
378 4259 576 4339 contigisset?
597 4293 623 4302 -
642 4256 844 4336 Narravitque
859 4256 888 4318 ei
903 4259 1001 4319 totum
1019 4259 1053 4319 ut
1067 4253 1225 4317 acciderat.
1248 4289 1272 4297 -
