3525 5025
854 526 1074 583 ..43-

828 740 857 797 2.
895 732 1005 813 1=s
1031 732 1095 812 re]

520 874 657 950 Quidam
692 874 750 938 luit
784 876 832 939 leo
867 875 899 937 in
934 874 1072 956 quodam
1107 874 1195 938 bono
1230 875 1300 938 loco
1334 875 1509 938 multarum

377 984 417 1031 nn
432 964 565 1029 terarum
589 968 619 1027 et
640 982 798 1045 equarum,
830 982 887 1027 nec
910 964 971 1027 hoc
999 964 1060 1027 illis
1081 963 1155 1027 teris
1177 963 1325 1044 quiquam
1358 964 1511 1045 proderat

430 1058 556 1135 propter
576 1053 717 1117 timorem
749 1052 848 1117 leonis
875 1053 929 1132 qui
957 1052 1043 1117 omni
1071 1052 1122 1115 die
1148 1052 1284 1133 rapiebat
1312 1052 1352 1115 de
1383 1052 1451 1116 illis
1481 1056 1512 1115 et

430 1142 604 1207 devorabat
651 1142 687 1205 Et
710 1142 814 1205 habito
837 1142 969 1205 consilio
997 1141 1075 1205 inter
1101 1159 1136 1204 se
1157 1144 1308 1204 venerunt
1328 1142 1371 1204 ad
1399 1142 1509 1223 ipsum
1593 1199 1595 1230 Ι

430 1232 565 1295 dicentes
586 1231 628 1294 ei:
652 1230 734 1295 Scito
757 1232 906 1311 quoniam
930 1248 994 1295 non
1011 1234 1100 1312 potes
1119 1231 1231 1294 habere
1246 1248 1264 1292 a
1280 1230 1374 1295 nobis
1389 1231 1510 1294 animal

432 1320 490 1385 nisi
514 1338 584 1385 cum
609 1320 715 1384 labore
738 1320 874 1383 maximo
889 1324 920 1382 et
941 1320 1068 1401 strepitu
1091 1319 1276 1398 venationis,
1299 1337 1386 1383 nunc
1400 1324 1509 1383 autem
1593 1355 1595 1392 ς

377 1429 418 1474 ras
432 1409 608 1473 invenimus
626 1409 755 1473 modum
770 1409 874 1472 utilem
896 1426 955 1490 pro
969 1414 999 1472 te
1016 1409 1057 1490 [et
1071 1408 1185 1489 nobisl,
1201 1408 1351 1489 quoniam
1363 1408 1390 1471 si
1403 1408 1512 1473 reddi·
1593 1479 1595 1506 Ι

430 1498 513 1563 deris
535 1516 595 1562 nos
617 1499 799 1579 tranquillos
821 1503 851 1562 et
865 1515 992 1562 securos
1009 1498 1153 1562 atimore
1167 1498 1212 1560 tui
1236 1515 1293 1561 nec
1308 1497 1511 1561 insidiaberis
1593 1509 1595 1578 ξ

432 1587 530 1664 nobis,
557 1588 644 1651 omni
674 1586 724 1651 die
754 1588 924 1652 offeremus
952 1586 1007 1650 tibi
1035 1590 1146 1668 sponte
1168 1586 1200 1649 in
1225 1587 1301 1650 hora
1323 1586 1386 1650 cibi
1411 1605 1511 1649 unam
1593 1599 1595 1614 ·

431 1676 558 1740 bestiam
593 1675 633 1739 de
667 1677 760 1741 nobis
794 1694 851 1757 pro
881 1681 936 1740 tuo
965 1675 1045 1740 cibo.
1098 1675 1195 1749 Quod
1228 1675 1355 1755 quidem
1393 1675 1512 1756 placuit
1593 1737 1595 1764 ς

432 1764 523 1843 leoni,
548 1769 577 1827 et
599 1765 740 1845 promisit
763 1766 807 1829 eis
830 1770 952 1846 pactum
977 1765 1150 1829 observare.
1190 1764 1334 1838 Quadam
1351 1783 1431 1829 vero
1448 1764 1509 1842 die,
1593 1793 1595 1804 ·

378 1872 418 1919 rau
433 1872 504 1917 cum
534 1859 647 1918 sortem
683 1855 841 1918 eiecissent
874 1855 953 1917 inter
982 1870 1033 1916 eas
1063 1871 1157 1933 quarn
1188 1854 1323 1933 ipsarum
1355 1852 1512 1917 deberent
1593 1883 1595 1910 r

433 1942 530 2007 oltere
558 1943 649 2021 leoni,
679 1942 803 2007 advenit
832 1960 901 2006 sors
931 1942 1053 2006 cuidam
1085 1941 1192 2023 lepori,
1223 1941 1272 2005 cui
1301 1946 1510 2023 preceperunt
1593 1953 1595 2028 g

433 2032 515 2095 leoni
546 2050 579 2096 se
611 2036 792 2113 presentare.
848 2032 934 2095 Dixit
962 2032 1007 2095 eis
1037 2031 1141 2111 lepus:
1173 2030 1204 2095 Si
1236 2030 1397 2095 volueritis
1430 2030 1508 2093 mihi

433 2122 604 2185 consentire
627 2125 656 2185 et
682 2121 838 2185 confidere
861 2121 901 2184 de
925 2138 974 2182 me
1002 2120 1034 2182 in
1062 2138 1095 2183 re
1118 2138 1180 2200 que
1210 2120 1302 2183 nobis
1329 2119 1387 2182 erit
1415 2120 1509 2197 utilis,
1593 2111 1595 2138 '

432 2227 525 2291 spero
555 2228 612 2273 vos
642 2209 770 2273 reddere
800 2227 926 2274 securos
948 2213 978 2272 et
1000 2209 1122 2289 quietos
1147 2228 1166 2271 a
1192 2209 1365 2272 turbatione
1395 2209 1508 2273 leonis.
1593 2225 1595 2290 j

379 2317 419 2363 ras
435 2298 495 2362 Cui
519 2300 757 2380 responderunt:
788 2299 874 2373 Quid
898 2303 944 2361 est
965 2298 1064 2361 illud?
1098 2298 1175 2378 quid
1203 2298 1250 2361 vis
1277 2298 1331 2361 frat
1352 2297 1433 2361 tibi?
1474 2298 1511 2360 Et
1593 2301 1595 2366 ζ

432 2389 473 2451 ait
496 2388 540 2451 eis
563 2389 665 2468 lepus:
689 2387 775 2462 Quid
799 2384 864 2451 est?
888 2387 962 2451 volo
985 2387 1071 2468 quod
1095 2388 1149 2449 uni
1173 2391 1307 2450 vestrum
1332 2387 1511 2469 precipiatis
1593 2415 1595 2432 =

434 2476 538 2541 venire
554 2494 674 2542 mecum
698 2476 737 2540 ad
762 2476 882 2541 leonem
907 2480 937 2540 et
960 2494 1023 2540 non
1045 2476 1166 2540 festinet
1181 2494 1231 2540 me
1247 2480 1423 2558 presentare
1439 2475 1508 2554 sibi,
1593 2485 1595 2488 ·

434 2567 534 2630 donec
558 2571 704 2647 pretereat
731 2567 807 2630 hora
830 2566 899 2630 cibi.
945 2565 1006 2629 Cui
1029 2566 1149 2629 dicunt:
1179 2567 1333 2630 Volumus
1359 2566 1414 2628 liat
1443 2566 1508 2630 tibi.
1593 2566 1595 2597 ³

436 2656 471 2718 Et
493 2674 646 2758 5xurgens
669 2657 757 2735 lepus
779 2673 849 2718 cum
874 2655 961 2721 socio
984 2673 1051 2734 suo,
1075 2655 1129 2717 ivit
1150 2655 1189 2717 ad
1214 2655 1335 2719 leonem
1359 2659 1390 2717 et
1412 2659 1508 2719 retar·
1593 2686 1595 2733 ξ

380 2763 420 2808 no
436 2744 518 2808 davrt
533 2749 705 2828 presentare
720 2762 753 2807 se
763 2744 830 2822 sibi,
847 2744 948 2808 donec
964 2745 1040 2808 hora
1054 2743 1115 2807 cibi
1135 2744 1276 2826 preteriit.
1316 2745 1352 2807 Et
1366 2745 1510 2808 esuriens
1593 2742 1595 2747 ’

435 2835 484 2898 leo
514 2835 644 2898 surrexit
673 2834 712 2897 de
745 2834 815 2897 loco
845 2851 912 2911 suo,
944 2837 974 2896 et
1003 2832 1169 2914 respiciens
1199 2851 1288 2897 secus
1317 2833 1399 2895 viam
1430 2833 1511 2896 vidit
1593 2892 1595 2899 .

435 2923 600 3003 quemdam
625 2924 761 3005 leporem
784 2922 978 2987 accedentem
998 2923 1037 2985 ad
1060 2923 1173 3002 ipsum.
1211 2921 1356 3002 Cumque
1380 2940 1510 3002 presen·
1593 2934 1595 2999 j

434 3017 525 3077 tasset
546 3030 580 3076 se
602 3013 670 3091 sibi,
702 3012 899 3091 interrogavit
926 3011 1013 3074 illum
1042 3010 1126 3074 unde
1148 3011 1266 3075 veniret
1297 3016 1327 3074 et
1348 3011 1402 3074 ubi
1427 3015 1511 3076 esset
1593 3076 1595 3098 Ι

435 3102 524 3165 turba
554 3102 710 3164 sociorum
745 3118 875 3165 suorum
906 3105 936 3163 et
964 3118 1019 3163 cur
1048 3104 1165 3163 tantum
1199 3100 1405 3163 tardaverint
1446 3101 1509 3164 Cui
1593 3118 1595 3175 ;

382 3206 422 3252 ns
438 3187 597 3270 respondit
619 3190 719 3270 lepus:
745 3190 811 3270 Ego
834 3191 874 3253 ab
898 3190 942 3253 eis
965 3189 1065 3268 venio,
1090 3190 1248 3252 mittebant
1261 3193 1362 3252 autem
1379 3188 1435 3251 tibi
1454 3208 1512 3271 per

436 3295 486 3341 me
513 3295 612 3340 unum
642 3279 779 3360 leporem
811 3283 844 3342 ut
874 3279 975 3360 ipsum
1006 3278 1061 3342 tibi
1093 3283 1313 3359 presentarem;
1347 3277 1403 3340 sed
1433 3297 1510 3342 cum
1593 3294 1595 3342 ῑ

436 3383 533 3430 essem
558 3384 656 3447 prope
680 3368 763 3432 bunc
786 3367 898 3446 locum,
921 3387 990 3431 ecce
1006 3368 1182 3449 supervenit
1204 3367 1280 3430 mihi
1303 3367 1381 3430 alius
1404 3366 1458 3431 leo
1482 3373 1513 3431 et

436 3455 536 3535 rapuit
558 3455 659 3536 ipsum
685 3456 769 3519 milri.
815 3456 876 3520 Cui
901 3475 960 3537 ego
983 3457 1137 3520 dicebam:
1169 3456 1260 3534 Cave,
1289 3456 1438 3537 quoniam
1465 3462 1513 3521 est
1593 3487 1595 3494 ·

436 3544 524 3608 cibus
546 3545 635 3625 regis,
658 3546 712 3626 qui
736 3545 864 3609 offertur
886 3546 922 3622 ei,
947 3546 1010 3609 noli
1034 3546 1136 3627 ipsum
1157 3549 1263 3609 contra
1277 3548 1306 3607 te
1329 3562 1511 3624 provocare
1593 3552 1594 3559 ’

383 3651 422 3696 rso
438 3633 503 3708 Qui
526 3652 597 3698 cum
619 3634 746 3711 audiret,
770 3634 992 3714 blasphemavit
1010 3639 1047 3713 te,
1069 3634 1188 3699 dicens:
1213 3635 1279 3714 Ego
1295 3650 1364 3696 surn
1380 3632 1513 3713 dignior
1593 3685 1595 3713 ,

437 3723 506 3804 ipso
529 3741 657 3804 regnare
680 3724 711 3787 in
735 3723 795 3787 hoc
819 3724 896 3786 loco.
942 3724 1020 3787 Veni
1044 3723 1137 3803 igitur
1159 3723 1198 3787 ad
1222 3722 1418 3786 referendum
1442 3723 1510 3787 tibi.
1593 3735 1595 3805 ξ

438 3813 473 3876 Et
495 3812 625 3876 audiens
648 3813 696 3876 leo
720 3811 807 3876 dixit:
838 3812 916 3875 Veni
941 3830 1062 3876 mecum
1090 3817 1120 3876 et
1142 3811 1270 3876 ostende
1293 3811 1369 3874 mibi
1393 3811 1510 3891 ipsum.
1593 3820 1594 3831 ¹

438 3902 473 3964 Et
497 3901 551 3964 ivit
573 3901 661 3981 lepus
688 3902 805 3965 ducens
828 3902 930 3983 ipsum
958 3901 997 3964 ad
1026 3906 1153 3982 puteum
1177 3918 1265 3981 aque.
1313 3901 1382 3962 Erat
1402 3904 1510 3965 autem

437 4008 517 4070 aqua
539 3990 626 4054 clara.
674 3991 709 4053 Et
732 3989 808 4052 dixit
831 3991 932 4069 lepus:
965 3991 1025 4052 llic
1052 3989 1196 4052 manebat
1223 3987 1272 4051 ille
1300 3989 1349 4052 leo
1377 3987 1418 4051 de
1441 4006 1510 4070 quo

384 4096 424 4141 un
439 4079 493 4141 tibi
517 4078 590 4139 dixi.
629 4078 666 4138 Et
688 4077 853 4153 respiciens
875 4077 925 4137 leo
947 4077 986 4137 ad
1010 4077 1127 4138 iontem
1151 4077 1243 4155 putei,
1270 4077 1426 4140 resultavit
1447 4080 1510 4144 sibi

439 4165 550 4227 umbra
572 4179 628 4225 sua
650 4165 680 4222 et
695 4161 821 4239 leporis;
845 4162 960 4222 corruit
977 4179 1071 4240 super
1086 4164 1188 4242 ipsum
1205 4164 1237 4226 in
1253 4168 1355 4245 putee,
1379 4165 1512 4232 credens

439 4267 577 4330 pugnare
600 4264 670 4310 cum
695 4263 741 4309 eo.
788 4246 852 4318 Qui
877 4251 1018 4308 mortuus
1044 4255 1089 4310 est
1111 4250 1163 4311 ibi.
1211 4252 1248 4312 Et
1269 4251 1392 4315 rediens
1420 4254 1512 4335 lepus
