3525 5025
812 486 1034 546 ,53-

391 661 607 725 recordabatur
619 661 737 723 malicie
749 662 823 724 eius.
851 662 906 725 Vir
916 666 1017 724 autem
1030 662 1138 724 volens
1150 664 1313 741 percutere,
1330 679 1456 742 serpens

391 750 485 813 sensit
508 751 569 813 hoc
596 754 624 812 et
646 749 726 830 fugit
749 751 780 812 in
804 755 926 813 antrum
950 751 1023 831 quia
1045 750 1132 813 scivit
1154 768 1187 813 se
1211 750 1405 813 malefecisse.

337 857 377 903 510
483 840 519 901 Et
546 844 615 919 post
641 839 758 918 aliquot
785 839 851 901 dies
878 840 990 902 mulier
1020 840 1242 917 imprecabatur
1269 839 1336 902 viro
1364 844 1397 901 ul
1423 857 1457 902 se

392 946 461 991 cum
486 932 626 1008 serpente
648 928 749 990 uniret
772 933 800 990 et
823 928 931 992 odium
952 946 1044 991 suum
1060 928 1237 1008 deponeret,
1261 928 1292 989 in
1308 928 1394 1007 quod
1410 929 1458 991 vir

392 1018 554 1081 consensit.
595 1019 629 1080 Et
653 1018 706 1079 ivit
728 1017 767 1079 ad
791 1018 930 1081 toramen
955 1022 984 1081 et
1006 1017 1124 1080 vocavit
1146 1021 1327 1097 serpentem,
1352 1017 1458 1080 dicens

391 1125 424 1169 se
447 1125 517 1169 curn
541 1125 579 1169 eo
595 1107 673 1169 velle
697 1108 784 1169 unire
801 1107 952 1170 etodium
977 1107 1131 1169 intereos
1153 1106 1281 1168 auterre.
1312 1106 1457 1186 Cumque

392 1197 452 1259 hoc
481 1213 608 1275 serpens
638 1195 763 1273 audiret,
793 1196 881 1258 dixit:
917 1198 1085 1275 Nunquam
1118 1195 1351 1274 reintegrabitur
1381 1196 1458 1259 inter

337 1302 378 1349 515
394 1303 451 1348 nos
479 1286 615 1347 amicicia
643 1289 753 1362 nostra,
786 1284 858 1364 quia
883 1303 954 1347 cum
983 1283 1192 1347 recordaberis
1218 1284 1359 1346 maleficii
1388 1286 1456 1363 mei,

393 1374 519 1454 quando
543 1392 696 1436 venenum
721 1375 751 1435 in
768 1375 861 1436 ollam
882 1376 921 1436 ad
938 1373 1184 1436 interficiendum
1207 1378 1237 1435 te
1259 1378 1288 1435 et
1311 1373 1456 1436 familiam

391 1467 473 1525 tuam
498 1463 588 1542 posui
594 1484 601 1539 ;
626 1462 714 1525 etiam
732 1464 879 1542 quoniam
904 1482 962 1542 ego
986 1462 1173 1525 recordabor
1188 1461 1315 1542 quando
1337 1466 1369 1524 tu
1386 1481 1456 1525 cum

393 1551 497 1631 ligone
524 1553 563 1613 ad
596 1552 788 1631 puniendum
820 1570 868 1614 me
900 1553 1072 1631 percussisti
1103 1552 1221 1631 absque
1252 1551 1314 1612 ulla
1341 1550 1457 1615 miseri-

392 1641 509 1718 cordia;
533 1646 606 1703 tunc
629 1660 692 1703 non
717 1644 815 1721 potest
830 1646 909 1703 stare
930 1642 1061 1704 amicitia
1076 1645 1179 1703 nostra
1201 1644 1230 1702 et
1250 1658 1324 1719 ergo
1349 1641 1458 1703 melius

338 1746 378 1791 sao
393 1734 438 1792 est
461 1734 494 1791 ut
517 1730 645 1809 quilibet
669 1734 807 1792 nostrum
832 1731 918 1793 solus
940 1735 970 1793 et
991 1731 1057 1793 sine
1081 1748 1169 1793 mora
1191 1730 1313 1792 alterius
1337 1730 1457 1793 habitet.

773 1880 821 1935 12.
860 1871 913 1952 [2
938 1870 966 1934 s.
994 1872 1076 1951 t46.]

484 1998 602 2061 Dicitur
625 1997 719 2061 tuisse
743 1997 868 2077 quidam
890 2003 1016 2061 venator
1040 1998 1101 2077 qui,
1126 2016 1196 2060 cum
1221 1998 1362 2060 exivisset
1383 2009 1461 2077 qua-⁴

392 2087 463 2149 dam
494 2087 544 2149 die
567 2106 637 2150 cum
661 2105 720 2149 suo
747 2106 818 2150 arcu
843 2092 871 2149 et
901 2088 1015 2166 sagittis
1042 2087 1081 2149 ad
1109 2086 1285 2149 venandum
1313 2087 1345 2148 in
1373 2087 1458 2165 silva,

393 2194 456 2239 non
481 2176 588 2255 procul
612 2195 629 2238 a
652 2177 768 2239 civitate
799 2176 931 2239 occurrit
957 2176 984 2238 ei
1013 2194 1128 2252 cervus,
1160 2180 1189 2238 et
1215 2176 1359 2254 sagittans
1386 2194 1457 2238 eum

393 2265 541 2328 interfecit
562 2266 738 2345 accepitque
761 2266 862 2344 ipsum
880 2270 909 2327 et
928 2265 1046 2327 redibat
1067 2264 1106 2327 ad
1129 2265 1260 2328 domum
1283 2283 1370 2328 suam
1388 2282 1457 2327 cum

338 2371 379 2416 525
394 2372 440 2417 eo.
488 2356 615 2417 Etcum
639 2354 808 2417 ambularet
835 2373 891 2434 per
913 2354 993 2417 viam
1017 2355 1150 2417 occurrit
1175 2354 1202 2416 ei
1226 2372 1300 2435 aper
1322 2353 1458 2433 quidam,

392 2448 422 2506 et
444 2462 577 2524 sequens
600 2462 671 2506 eum
695 2462 769 2525 aper
784 2444 907 2507 volebat
929 2462 1000 2506 eum
1025 2443 1207 2521 interlicere;
1231 2443 1284 2523 qui
1308 2461 1379 2505 cum
1399 2443 1459 2506 hoc

393 2533 524 2611 vidisset,
549 2533 708 2612 deponens
732 2552 855 2596 cervum
879 2534 919 2596 ab
940 2534 1071 2596 humero
1086 2551 1153 2611 su0‚
1177 2533 1327 2612 sagittavit
1348 2551 1457 2614 aprum

393 2627 423 2685 et
445 2623 593 2702 percussit
615 2641 685 2684 eum
715 2623 745 2684 in
770 2622 863 2685 corde
888 2641 955 2686 suo,
976 2619 980 2706 Ι
1001 2623 1083 2702 Aper
1105 2640 1179 2685 vero
1207 2623 1341 2684 sentiens
1367 2622 1459 2684 vehe-

394 2712 537 2774 mentiam
561 2711 679 2774 doloris
701 2712 845 2789 vulneris,
876 2712 963 2774 irruit
985 2711 1017 2773 in
1046 2710 1205 2774 hominem
1234 2715 1263 2772 et
1290 2710 1460 2792 vulneravit

338 2819 379 2864 555
394 2820 464 2864 eum
489 2802 553 2864 suis
576 2800 720 2864 dentibus
742 2801 887 2864 scindens
909 2805 1046 2863 ventrem
1070 2818 1171 2878 suum,
1200 2804 1230 2862 et
1251 2804 1392 2862 mortuus
1415 2804 1460 2862 est

393 2891 498 2954 homo.
543 2890 627 2970 Aper
649 2891 737 2952 etiam
763 2909 832 2953 curn
858 2890 983 2952 letaliter
1004 2890 1181 2952 vulneratus
1204 2893 1290 2966 esset,
1318 2896 1459 2951 mortuus

392 2984 438 3042 est
453 2997 523 3042 cum
540 2997 587 3042 eo.
620 2979 740 3041 Etcum
758 2980 896 3042 transiret
918 2979 961 3042 ibi
978 2980 1078 3058 lupus,
1102 2979 1178 3041 vidit
1200 2997 1318 3058 aprum,
1334 2996 1458 3040 cervum

392 3073 422 3130 et
445 3068 602 3131 hominem
628 3072 767 3131 mortuos
790 3072 819 3130 et
846 3069 969 3147 gavisus
992 3072 1088 3131 estet
1110 3067 1186 3130 dixit
1213 3067 1245 3130 in
1269 3067 1363 3130 corde
1385 3085 1458 3130 suo:

395 3158 504 3220 Debeo
528 3175 708 3220 conservare
732 3157 788 3219 hec
810 3157 915 3220 omnia
938 3176 999 3236 que
1022 3156 1134 3234 inveni,
1158 3161 1193 3218 ut
1206 3157 1268 3219 sint
1290 3156 1365 3218 mihi
1386 3174 1459 3219 con-

338 3264 380 3309 555
394 3251 510 3310 servata
540 3264 597 3325 pro
628 3246 820 3326 temporibus
855 3247 1064 3308 necessitatum
1071 3267 1078 3322 ;
1120 3265 1177 3308 nec
1206 3245 1315 3308 valebo
1346 3246 1385 3307 de
1415 3245 1460 3307 eis

392 3339 514 3414 gustare
538 3335 639 3412 hodie,
663 3334 717 3397 sed
741 3335 854 3398 suiiicit
874 3335 950 3397 mihi
975 3353 1058 3397 nunc
1081 3334 1190 3407 rodere
1213 3335 1339 3397 cordam
1361 3352 1459 3397 arcus.

395 3426 430 3487 Et
452 3423 600 3490 accedens
623 3423 662 3486 ad
686 3443 798 3501 arcum,
830 3425 910 3504 cepit
937 3424 1046 3487 rodere
1071 3423 1195 3487 cordam
1219 3443 1281 3503 que
1312 3427 1460 3503 prorupta

393 3513 496 3606 subito
520 3514 668 3594 percussit
690 3531 760 3576 eum
784 3514 815 3574 in
839 3512 958 3576 tramite
981 3518 1010 3576 et
1033 3517 1173 3576 mortuus
1195 3512 1310 3575 cecidit

775 3662 823 3717 13.
861 3656 915 3736 [ε
940 3655 970 3719 5.
998 3656 1080 3735 raa]

484 3781 603 3844 Dicitur
625 3781 720 3844 fuisse
744 3780 869 3860 quidam
893 3780 980 3843 dives
997 3784 1145 3843 mercator
1160 3798 1253 3842 senex
1276 3780 1372 3858 valde,
1396 3780 1459 3859 qui,

339 3887 380 3933 540
394 3890 464 3934 cum
490 3871 614 3934 haberet
636 3888 764 3932 uxorem
789 3871 935 3949 pulcram,
959 3888 1023 3931 non
1040 3874 1140 3932 tamen
1156 3869 1195 3932 ab
1218 3887 1254 3930 ea
1276 3868 1461 3948 diligebatur

394 3978 450 4023 nec
472 3960 595 4023 volebat
617 3959 675 4022 sibi
700 3978 779 4022 uxor
801 3977 857 4021 sua
879 3959 910 4021 in
935 3959 1013 4022 lecto
1036 3959 1195 4035 adherere;
1218 3958 1272 4020 sed
1296 3963 1460 4037 quantum-

392 4066 527 4129 cumque
550 4049 615 4130 ipse
642 4049 772 4110 traheret
798 4048 893 4110 adse
919 4047 1039 4128 [illam],
1071 4047 1122 4109 illa
1148 4065 1271 4126 semper
1297 4047 1461 4126 elongabat

393 4157 426 4201 se
448 4139 488 4201 ab
512 4156 558 4201 eo.
590 4138 733 4212 Quadam
757 4156 830 4200 vero
854 4142 943 4200 nocte
966 4136 1041 4199 dum
1066 4137 1197 4199 iacerent
1218 4136 1311 4198 simul
1334 4136 1366 4198 in
1383 4136 1459 4199 lecto

393 4227 570 4308 supervenit
599 4227 643 4291 eis
676 4226 739 4304 tur,
774 4231 803 4288 et
826 4227 955 4289 excitata
985 4227 1095 4289 mulier
1120 4225 1160 4287 ad
1195 4226 1353 4304 strepitum
1383 4224 1460 4287 turis
