3525 5025
873 514 1092 573 ,96-

449 693 537 751 tuum
573 688 755 769 perpetrabo
783 692 812 751 et
839 687 912 751 ideo
936 687 974 749 ad
1004 691 1033 749 te
1068 688 1147 764 veni,
1182 690 1216 749 ut
1251 690 1338 749 tuum
1368 685 1502 748 auxilium

450 776 588 853 babeam,
627 776 789 857 quomodo
823 776 934 839 saluari
975 780 1082 856 potero
1116 776 1155 838 de
1190 779 1275 839 tanto
1314 776 1446 855 dampno
1476 792 1505 835 ac

388 865 617 947 11mpericulo.‘¹
666 866 739 941 Quc
760 865 813 927 ait:
848 864 1030 945 ‚Numquid
1060 864 1156 945 placet
1178 864 1232 927 tibi
1262 883 1312 927 me
1336 865 1365 926 in
1389 880 1504 926 uxorem

451 954 605 1019 haberem
653 955 704 1018 nit
731 954 831 1017 miles:
865 953 917 1019 „O
945 954 1073 1017 domina
1102 954 1267 1031 karissima,
1300 953 1391 1016 michi
1422 953 1507 1032 placet

451 1062 507 1125 per
529 1044 644 1107 omnia.
691 1044 743 1107 Est
769 1043 902 1106 maxima
933 1043 1088 1105 humilitas
1116 1042 1147 1105 in
1171 1046 1207 1119 te,
1239 1043 1327 1123 quod
1354 1042 1430 1105 velis
1454 1046 1506 1101 tam

451 1135 539 1197 basse
570 1132 757 1195 descendere
790 1137 820 1195 et
852 1136 913 1195 tam
947 1150 1113 1213 pauperem
1150 1132 1277 1194 militem
1314 1133 1344 1194 in
1376 1130 1506 1193 maritum

449 1222 613 1302 accipere*
661 1221 701 1284 m
723 1221 786 1284 illa:
817 1222 937 1289 „immo
961 1221 1126 1285 consencio
1150 1222 1180 1283 in
1205 1225 1247 1298 te;
1281 1220 1400 1283 nullum
1423 1219 1507 1281 alium

388 1311 627 1391 amaccipiama
666 1312 702 1373 Et
716 1310 779 1373 ille:
806 1310 892 1375 „Nec
907 1329 966 1389 ego
985 1309 1112 1390 [aliam],
1136 1310 1285 1390 quamdiu
1302 1314 1334 1372 tu
1351 1310 1382 1371 in
1400 1306 1507 1371 mundo

450 1400 557 1463 viuisa
606 1400 679 1475 Que
708 1399 760 1462 ait:
802 1399 979 1464 „Dominus
1014 1417 1110 1475 meus,
1151 1399 1203 1479 qui
1239 1398 1427 1462 moriebatur
1460 1412 1508 1475 pro

450 1507 556 1553 amore
580 1507 659 1566 meo,
691 1489 832 1551 hesterna
854 1488 913 1565 die,
943 1489 1022 1551 sicut
1049 1488 1103 1550 tibi
1127 1491 1251 1564 constat,
1283 1492 1346 1551 erat
1373 1486 1507 1567 sepultus.

452 1578 511 1657 (Βὶ.
539 1578 644 1655 171ν.)
692 1578 779 1640 lllum
804 1578 844 1640 de
866 1576 1010 1657 sepulcro
1033 1578 1156 1639 extrahe
1179 1582 1208 1639 et
1237 1577 1269 1639 in
1302 1577 1371 1639 loco
1396 1573 1509 1638 latronis

450 1666 642 1747 suspendetu
695 1666 746 1728 nit
775 1667 878 1729 miles:
918 1666 1002 1731 „fiat
1030 1666 1172 1729 voluntas
1202 1668 1287 1728 tua!a
1337 1665 1508 1747 Sepulcrum

389 1776 442 1823 11⁴0
450 1760 657 1837 apperuerunt
673 1760 702 1819 et
717 1756 843 1819 militem
863 1755 1088 1835 [exltraxerunt.
1122 1754 1173 1817 Ait
1189 1754 1288 1817 miles:
1317 1755 1367 1820 „0
1384 1753 1507 1825 domina,

451 1845 582 1907 multum
614 1845 716 1908 timeo.
772 1846 873 1922 Latro,
909 1845 962 1924 qui
993 1848 1056 1907 erat
1090 1848 1208 1923 captus,
1239 1844 1321 1906 duos
1351 1844 1456 1907 dentes
1483 1840 1508 1900 in

450 1934 602 2014 superiori
634 1939 717 2015 parte
747 1934 855 2011 amisit,
887 1933 960 2013 quia
982 1950 1062 1996 vnus
1093 1933 1124 1995 in
1156 1933 1301 2013 capcione
1332 1950 1389 1996 sua
1420 1928 1508 2010 lapide

451 2041 522 2087 eum
548 2024 704 2102 percussit.
751 2022 783 2086 Si
814 2023 869 2085 iste
898 2040 972 2085 vero
1000 2022 1031 2083 in
1063 2021 1201 2101 patibulo
1231 2022 1324 2084 luerit
1351 2034 1510 2102 suspensus

451 2116 564 2175 etcum
582 2112 727 2175 dentibus
742 2112 833 2173 tuerit
849 2112 1001 2188 inuentus,
1025 2110 1144 2173 dicetur
1159 2111 1244 2191 quod
1269 2110 1319 2173 ille
1346 2110 1433 2190 [non]
1450 2108 1505 2171 sila

390 2221 443 2267 uu
452 2202 491 2263 nt
514 2200 576 2262 illa:
604 2200 735 2281 „Accipe
758 2200 891 2280 lapidem
913 2204 942 2263 et
957 2218 1027 2262 eum
1053 2200 1083 2261 in
1108 2200 1252 2263 dentibus
1276 2201 1433 2279 percuteu
1468 2194 1510 2257 llil

451 2289 553 2352 miles:
580 2290 688 2356 „Boua
703 2289 839 2366 domina,
864 2308 953 2369 parce
969 2288 1078 2351 michi!
1116 2288 1200 2351 Dum
1218 2292 1281 2352 erat
1295 2289 1396 2363 viuus,
1419 2286 1509 2351 socius

452 2396 540 2441 meus
567 2383 630 2440 erat
656 2384 686 2441 et
712 2378 783 2441 ideo
814 2379 949 2441 dedecus
981 2378 1068 2440 militi
1099 2379 1174 2441 viuo
1202 2382 1281 2441 esset
1312 2378 1399 2457 quod
1432 2376 1509 2438 talem

452 2468 628 2548 despectum
653 2473 776 2532 mortuo
800 2471 1011 2548 perpetraret.⁴¹
1050 2467 1167 2530 Atilia:
1195 2468 1251 2533 „fit
1266 2485 1325 2546 ego
1343 2485 1401 2547 pro
1416 2478 1510 2530 amore

451 2563 506 2620 tuo
529 2558 673 2620 faciant«
708 2558 853 2638 Lapidem
870 2558 986 2637 accepit
1001 2561 1030 2619 et
1045 2575 1114 2620 eum
1140 2557 1171 2619 in
1196 2557 1341 2620 dentibus
1365 2552 1509 2638 percussit,

390 2668 444 2714 nso
453 2664 618 2727 quousque
642 2664 751 2710 omnes
781 2648 888 2710 dentes
915 2646 1090 2726 superiores
1117 2646 1225 2708 amisit.
1273 2647 1344 2708 tloc
1367 2647 1444 2709 tacto
1466 2642 1510 2704 ait:

456 2737 538 2802 „lam
562 2753 633 2798 enm
658 2738 689 2798 in
715 2736 852 2816 patibulo
876 2735 1068 2815 suspendelt
1106 2734 1170 2808 Qui
1194 2735 1247 2797 ait:
1274 2735 1406 2799 „Adhuc
1428 2735 1509 2796 timeo

453 2844 524 2889 eum
542 2825 738 2905 suspendere,
763 2826 835 2905 quia
852 2825 936 2902 latro,
961 2825 1015 2904 qui
1032 2829 1093 2887 erat
1109 2828 1222 2903 captus,
1247 2824 1361 2887 vulnus
1377 2825 1409 2886 in
1425 2820 1510 2902 capite

454 2915 586 2978 habebat
608 2919 636 2978 et
660 2915 737 2977 duas
758 2932 847 2977 aures
870 2915 980 2977 amisit.
1027 2913 1059 2976 Si
1084 2914 1138 2976 iste
1161 2932 1235 2976 vero
1264 2915 1409 2976 inuentus
1431 2907 1510 2974 fuerit

453 3005 519 3082 sine
542 3004 669 3066 vulnere
692 3007 721 3065 et
748 3021 818 3066 cum
847 3003 983 3081 auribus,
1014 3003 1132 3065 dicetur
1155 3002 1240 3082 quod
1271 3002 1321 3064 ille
1346 3021 1410 3065 non
1433 3001 1469 3065 sit
1488 3001 1511 3057 el

390 3094 497 3160 risssic
520 3093 662 3156 contusio
686 3097 861 3172 sequetur.u
895 3092 933 3154 llt
950 3092 1012 3154 illa:
1040 3092 1190 3157 „Extrahe
1205 3092 1343 3171 gladium
1362 3097 1391 3154 et
1406 3089 1511 3154 fortiter

453 3201 524 3245 eum
542 3183 685 3263 incapite
709 3186 831 3261 percute
847 3186 876 3244 el
896 3199 984 3243 aures
1000 3181 1066 3244 eius
1081 3180 1240 3244 abscide!u
1267 3180 1331 3254 Qui
1349 3177 1509 3262 respondit:

456 3271 507 3336 »Ο
531 3271 613 3334 bona
636 3271 771 3348 domina,
802 3289 873 3333 eum
904 3271 934 3332 in
963 3271 1023 3333 vita
1046 3288 1101 3333 sua
1132 3270 1262 3333 multum
1287 3270 1389 3332 dilexi.
1434 3263 1512 3332 Absit

453 3363 487 3421 ut
510 3359 598 3421 miles
613 3360 705 3423 viuus
721 3379 792 3422 eum
817 3365 973 3423 mortuum
990 3359 1196 3423 vulneraret!u
1235 3358 1307 3432 Que
1323 3359 1376 3421 ait:
1403 3353 1510 3424 „trade

454 3448 545 3511 michi
570 3448 717 3527 gladium,
748 3453 777 3511 et
806 3468 866 3528 ego
899 3449 1006 3512 iactam
1038 3467 1095 3528 pro
1126 3453 1180 3512 tuo
1209 3450 1349 3511 amorel¹⁴
1398 3441 1512 3523 Accepit

391 3556 445 3601 riso
454 3536 600 3617 gladium,
632 3556 702 3600 eum
728 3538 759 3600 in
783 3540 880 3618 capite
904 3539 1052 3619 percussit
1074 3541 1103 3600 et
1126 3539 1246 3618 plagam
1271 3555 1415 3616 magnam
1438 3532 1509 3604 fecit

454 3626 567 3688 deinde
596 3644 686 3689 aures
714 3627 780 3690 eius
808 3628 945 3690 abscidit
993 3629 1063 3690 lloc
1086 3627 1164 3689 tacto
1188 3627 1240 3689 ait:
1275 3626 1356 3691 „lam
1381 3626 1512 3688 audacter

454 3733 525 3777 eum
558 3715 588 3776 in
621 3716 759 3795 patibulo
790 3716 980 3796 suspende!u
1029 3715 1093 3789 Qui
1117 3717 1170 3778 ait:
1204 3715 1254 3782 „0
1279 3715 1363 3777 bona
1386 3713 1510 3782 domina,

453 3804 555 3866 adhuc
588 3805 692 3867 timeo.
739 3806 836 3882 Latro,
875 3805 929 3884 qui
965 3809 1028 3866 erat
1061 3808 1174 3884 captus,
1213 3804 1339 3867 duobus
1377 3798 1512 3866 testiculis
1568 3797 1571 3804 “

455 3893 581 3956 carebat
616 3894 647 3957 Si
672 3912 746 3957 vero
770 3894 824 3957 iste
848 3911 918 3956 cum
943 3893 1087 3956 testiculis
1112 3894 1255 3955 inuentus
1277 3893 1368 3955 fuerit
1392 3893 1422 3953 in
1447 3887 1510 3971 pati·

392 3982 539 4061 noobulo,
568 3983 686 4046 dicetur
708 3983 794 4062 quod
819 3982 869 4044 ille
898 4000 961 4045 non
986 3982 1024 4044 sit
1047 3985 1075 4043 et
1098 3986 1241 4061 sequetur
1265 3981 1435 4044 confusio.⁴⁴
1480 3977 1512 4038 llt

455 4073 517 4133 illa:
545 4072 639 4135 „Tam
663 4071 805 4131 timidum
823 4069 981 4130 hominem
999 4086 1158 4144 nunquam
1176 4070 1252 4145 vidi,
1277 4075 1377 4131 tamen
1402 4071 1509 4132 bonum

455 4163 498 4221 est
522 4163 549 4220 te
572 4176 638 4220 esse
661 4172 813 4216 securum.
848 4152 977 4212 Succide
993 4153 1147 4213 testiculos
1163 4156 1229 4216 eius
1245 4157 1312 4231 cit0,
1338 4161 1372 4218 ut
1394 4172 1511 4236 suspen·

454 4247 577 4308 daturll
626 4244 666 4306 At
696 4238 758 4300 ille:
791 4237 842 4300 „0
872 4236 955 4294 bona
985 4235 1125 4309 domina,
1158 4257 1263 4314 parcas
1296 4243 1406 4306 michi!
1452 4239 1511 4306 Tibi
