3525 5025
863 519 1104 576 -132-

798 690 874 771 Cap.
902 695 963 754 136
988 688 1048 775 (Bl.
1077 692 1167 770 Sta).

825 810 870 868 De
888 808 976 868 tribus
994 809 1143 869 serenibus.

541 941 673 1022 Legitur,
705 938 792 1021 quod
817 940 853 1003 lli
876 957 1003 1021 syrenes
1030 940 1061 1003 in
1089 940 1190 1005 insula
1217 940 1311 1004 maris
1340 941 1459 1005 luissent
1481 945 1517 1004 et

396 1050 439 1097 us
452 1030 667 1095 suauissimam
679 1029 859 1093 cantilenam
872 1028 1004 1095 diuersis
1015 1028 1118 1093 modis
1129 1029 1316 1107 cecinissent,
1328 1048 1386 1093 vna
1400 1030 1518 1111 quippe

451 1138 536 1198 voce,
567 1119 660 1183 altera
682 1117 774 1200 tybia,
806 1118 863 1181 ΙΙΙΙι
886 1118 950 1199 lyra
973 1119 1107 1182 canebat
1155 1119 1221 1182 llec
1251 1119 1403 1183 habebant
1423 1120 1517 1183 tacies

451 1209 626 1287 mulierum,
648 1208 712 1271 alas
734 1211 763 1270 et
785 1224 906 1288 vngues
921 1207 1092 1272 volucrum.
1124 1206 1246 1272 Omnes
1270 1226 1365 1271 naues
1387 1212 1514 1289 pretere-

451 1302 540 1362 untes
561 1296 710 1361 suauibte
739 1301 846 1360 cantus
876 1296 1033 1374 sistebant,
1065 1302 1170 1359 nautas
1194 1314 1329 1377 sompno
1352 1314 1519 1378 oppressos

452 1386 629 1465 lacerabant,
661 1402 757 1450 naues
787 1386 819 1449 in
849 1385 915 1450 salo
946 1385 1167 1465 inmergebant.
1215 1385 1361 1465 Cumque
1389 1385 1518 1467 quidam

396 1494 439 1540 rso
453 1476 517 1539 dux
541 1476 644 1540 Vlixes
666 1475 859 1539 neccessitate
883 1474 1009 1538 haberet
1032 1475 1075 1538 ibi
1099 1474 1352 1555 preternauigare,
1376 1475 1456 1539 iussit
1481 1493 1521 1538 se

451 1564 491 1629 ad
522 1565 637 1628 malurn
668 1564 758 1627 nauis
792 1564 887 1644 ligare
917 1568 946 1627 et
975 1580 1065 1627 aures
1099 1564 1165 1627 eius
1199 1564 1363 1629 obdurare.
1408 1565 1441 1627 Et
1468 1565 1521 1627 sic

451 1654 622 1737 periculum
643 1652 747 1718 illesus
770 1652 866 1717 euasit
888 1657 917 1715 et
939 1671 990 1717 eas
1012 1652 1159 1717 fluctibus
1181 1653 1355 1717 submersit

794 1847 870 1929 Cap.
899 1852 958 1911 137
986 1848 1046 1928 (ΒΙ.
1074 1848 1168 1928 btv).

803 1968 856 2041 [De
875 1967 1018 2041 triumpho
1037 1968 1165 2040 victoris]

540 2097 744 2162 Consuetudo
782 2103 846 2161 erat
883 2097 967 2178 apud
1007 2096 1180 2173 Romanos,
1226 2097 1312 2178 quod
1352 2097 1520 2163 victoribus

451 2188 627 2269 triumphus
661 2185 722 2251 boc
759 2186 857 2251 modo
887 2186 1105 2267 exbybebalur.
1152 2186 1318 2267 Postquam
1354 2187 1520 2269 imperator

396 2289 438 2337 oau
451 2276 585 2358 aliquam
609 2281 731 2357 gentem
755 2293 886 2339 romano
910 2275 1040 2355 imperio
1063 2274 1156 2338 armis
1171 2276 1365 2356 subiugasset
1380 2281 1409 2340 et
1423 2278 1521 2340 victor

451 2384 521 2430 cum
553 2366 649 2446 preda
676 2369 846 2442 remeasset,
877 2368 1001 2427 senatus
1029 2382 1065 2427 ac
1094 2368 1175 2428 totus
1205 2364 1342 2445 populus
1372 2383 1520 2430 romanus

450 2456 479 2520 ei
506 2454 634 2520 festinus
666 2454 813 2536 processit
843 2453 969 2517 obuiam
1001 2456 1030 2517 et
1059 2470 1131 2518 eum
1161 2453 1284 2518 canticis
1314 2458 1344 2518 et
1374 2454 1520 2520 laudibus

451 2545 597 2610 victorem
632 2543 754 2625 recepit.
808 2543 914 2608 Victor
948 2561 1085 2624 purpura
1121 2543 1265 2622 induitur,
1300 2543 1453 2625 dyadema
1483 2564 1520 2608 ex

452 2633 539 2698 lauro
568 2651 709 2715 auroque
742 2636 881 2697 contexta
914 2633 941 2695 ei
977 2632 1155 2714 imponitur,
1191 2631 1221 2696 in
1257 2651 1348 2696 curru
1383 2652 1462 2698 auro
1491 2638 1521 2698 et

397 2741 438 2788 rao
453 2723 584 2804 gemmis
607 2723 741 2786 radiante
766 2723 806 2787 lV
827 2722 906 2786 albis
929 2722 1018 2802 equis
1046 2721 1236 2786 trahentibus
1260 2722 1327 2786 vrbi
1352 2721 1519 2787 inuehitur.

453 2811 551 2876 Porro
581 2811 703 2876 nobiles
737 2812 906 2892 precedunt
935 2828 1059 2874 currum
1095 2811 1218 2875 victoris
1251 2812 1351 2875 aureis
1383 2811 1521 2877 cathenis

451 2901 551 2981 vincti,
586 2902 699 2981 vulgus
730 2918 804 2964 vero
834 2901 987 2981 captivum
1020 2900 1130 2964 iunctis
1160 2901 1304 2964 manibus
1333 2902 1521 2981 sequebatur

451 3008 588 3068 currum;
613 3007 729 3070 pompa
752 2990 846 3070 prede
869 2989 960 3052 simul
978 2989 1020 3053 ob
1044 2990 1166 3070 insigne
1180 2990 1371 3071 triumphurn
1388 2990 1520 3069 ducitur,

451 3083 481 3144 et
501 3079 546 3144 sic
567 3079 664 3143 victor
686 3097 756 3143 curn
785 3096 900 3158 magno
923 3076 1059 3160 tripudio
1082 3097 1206 3142 summo
1229 3078 1344 3160 templo
1367 3079 1521 3144 laureatus

398 3186 439 3233 ouo
454 3168 616 3246 inducitur,
640 3173 669 3231 et
690 3172 763 3230 tunc
787 3168 881 3249 preda
904 3167 1023 3249 populo
1046 3167 1204 3233 diuiditur.

799 3380 875 3461 Cap.
904 3389 965 3444 144
990 3381 1050 3461 (BL
1076 3383 1171 3462 Sin).

694 3502 747 3575 [De
765 3501 852 3559 milite
869 3501 976 3560 saluato
995 3517 1045 3576 per
1063 3505 1116 3558 tres
1134 3502 1276 3574 veritates]

542 3631 729 3712 Benegarius
752 3632 899 3713 regnauit,
931 3631 983 3712 qui
1013 3630 1113 3696 statuit
1143 3649 1200 3712 pro
1229 3631 1303 3713 lege,
1336 3631 1421 3712 quod
1451 3634 1520 3713 qui·

451 3737 586 3800 cumque
609 3721 785 3784 malefactor
806 3725 885 3785 esset
907 3725 1012 3802 <aptus
1035 3725 1065 3784 et
1087 3738 1189 3784 coram
1219 3721 1320 3784 iudice
1342 3719 1462 3798 ductus,
1494 3722 1519 3786 si

453 3807 489 3871 lli
518 3809 657 3872 veritates
687 3813 791 3890 posset
820 3810 923 3874 dicere
954 3814 1015 3873 tam
1046 3827 1141 3888 veras,
1172 3814 1278 3874 contra
1307 3826 1385 3891 quas
1415 3810 1520 3874 nuilus

453 3901 555 3978 posset
578 3898 708 3974 obicere,
737 3898 812 3977 quin
836 3917 908 3962 vere
931 3903 1031 3964 essent
1053 3900 1120 3964 sine
1143 3899 1229 3963 omni
1253 3899 1370 3963 fallacia
1392 3904 1519 3978 quanta·

398 4004 439 4052 sto
453 4002 595 4064 cumque,
629 3984 803 4050 malefactor
830 3988 921 4051 vitam
952 4005 1040 4051 suam
1071 3989 1221 4069 optineret
1249 4006 1319 4052 cum
1347 3992 1409 4051 tota
1432 3988 1519 4054 bere-

452 4075 551 4140 ditate.
604 4073 731 4151 Accidit,
765 4076 851 4154 quod
887 4076 1013 4158 quidam
1050 4077 1138 4141 miles
1167 4081 1272 4141 contra
1303 4078 1516 4158 imperatorem

452 4162 581 4231 surrexit
604 4166 633 4226 et
654 4162 693 4226 ad
718 4163 873 4242 quandam
904 4164 1048 4228 forestam
1072 4166 1239 4246 seposuit,
1270 4167 1301 4230 in
1333 4182 1394 4245 qua
1424 4167 1517 4230 multa

427 4253 531 4315 -mala
561 4251 721 4323 commisit,
760 4251 833 4325 quia
871 4267 980 4311 omnes
1019 4252 1163 4314 intrantes
1200 4256 1253 4316 aut
1289 4257 1434 4319 exeuntes
1467 4258 1518 4319 aut
