<?xml version="1.0" encoding="UTF-8"?>
<!DOCTYPE html PUBLIC "-//W3C//DTD XHTML 1.0 Transitional//EN"
    "http://www.w3.org/TR/xhtml1/DTD/xhtml1-transitional.dtd">
<html xmlns="http://www.w3.org/1999/xhtml" xml:lang="en" lang="en">
 <head>
  <title>
</title>
<meta http-equiv="Content-Type" content="text/html;charset=utf-8" />
  <meta name='ocr-system' content='tesseract 3.04.00' />
  <meta name='ocr-capabilities' content='ocr_page ocr_carea ocr_par ocr_line ocrx_word'/>
</head>
<body>
  <div class='ocr_page' id='page_1' title='image "./probenderlatein00ulrigoog_0140.png"; bbox 0 0 3525 5025; ppageno 0'>
   <div class='ocr_carea' id='block_1_1' title="bbox 662 538 904 596">
    <p class='ocr_par' dir='ltr' id='par_1_1' title="bbox 662 538 904 596">
     <span class='ocr_line' id='line_1_1' title="bbox 662 538 904 596; baseline 0.004 -1"><span class='ocrx_word' id='word_1_1' title='bbox 662 538 904 596; x_wconf 78' lang='lat'>-129-</span> 
     </span>
    </p>
   </div>
   <div class='ocr_carea' id='block_1_2' title="bbox 211 709 1315 1239">
    <p class='ocr_par' dir='ltr' id='par_1_2' title="bbox 211 709 1315 1239">
     <span class='ocr_line' id='line_1_2' title="bbox 212 709 1314 795; baseline -0.006 -17"><span class='ocrx_word' id='word_1_2' title='bbox 212 733 247 778; x_wconf 79' lang='lat' dir='ltr'>ors</span> <span class='ocrx_word' id='word_1_3' title='bbox 259 714 428 795; x_wconf 89' lang='lat' dir='ltr'>opprimens</span> <span class='ocrx_word' id='word_1_4' title='bbox 462 713 592 776; x_wconf 91' lang='lat' dir='ltr'>nauium</span> <span class='ocrx_word' id='word_1_5' title='bbox 632 711 827 775; x_wconf 91' lang='lat' dir='ltr'>multitudine</span> <span class='ocrx_word' id='word_1_6' title='bbox 860 728 973 791; x_wconf 83' lang='lat' dir='ltr'>magna</span> <span class='ocrx_word' id='word_1_7' title='bbox 1002 709 1112 775; x_wconf 91' lang='lat' dir='ltr'>diceris</span> <span class='ocrx_word' id='word_1_8' title='bbox 1142 710 1314 793; x_wconf 87' lang='lat' dir='ltr'>imperator.</span> 
     </span>
     <span class='ocr_line' id='line_1_3' title="bbox 257 798 1315 877; baseline -0.006 -10"><span class='ocrx_word' id='word_1_9' title='bbox 257 804 313 867; x_wconf 83' lang='lat' dir='ltr'>Sed</span> <span class='ocrx_word' id='word_1_10' title='bbox 335 804 360 867; x_wconf 91' lang='lat' dir='ltr'>si</span> <span class='ocrx_word' id='word_1_11' title='bbox 388 804 513 867; x_wconf 83' lang='lat' dir='ltr'>fortuna</span> <span class='ocrx_word' id='word_1_12' title='bbox 541 802 621 865; x_wconf 81' lang='lat' dir='ltr'>circa</span> <span class='ocrx_word' id='word_1_13' title='bbox 652 819 701 864; x_wconf 91' lang='lat' dir='ltr'>me</span> <span class='ocrx_word' id='word_1_14' title='bbox 731 804 963 877; x_wconf 64' lang='lat' dir='ltr'>mansuesceret,</span> <span class='ocrx_word' id='word_1_15' title='bbox 993 798 1099 863; x_wconf 82' lang='lat' dir='ltr'>fierem</span> <span class='ocrx_word' id='word_1_16' title='bbox 1132 799 1256 877; x_wconf 83' lang='lat' dir='ltr'>melior;</span> <span class='ocrx_word' id='word_1_17' title='bbox 1285 801 1315 862; x_wconf 91' lang='lat' dir='ltr'>al</span> 
     </span>
     <span class='ocr_line' id='line_1_4' title="bbox 257 886 1315 972; baseline -0.005 -17"><span class='ocrx_word' id='word_1_18' title='bbox 257 896 356 955; x_wconf 89' lang='lat' dir='ltr'>contra</span> <span class='ocrx_word' id='word_1_19' title='bbox 376 910 440 972; x_wconf 92' lang='lat' dir='ltr'>quo</span> <span class='ocrx_word' id='word_1_20' title='bbox 461 896 495 954; x_wconf 91' lang='lat' dir='ltr'>tu</span> <span class='ocrx_word' id='word_1_21' title='bbox 519 890 718 968; x_wconf 81' lang='lat' dir='ltr'>ionunacior,</span> <span class='ocrx_word' id='word_1_22' title='bbox 741 893 826 953; x_wconf 88' lang='lat' dir='ltr'>tanto</span> <span class='ocrx_word' id='word_1_23' title='bbox 848 890 909 953; x_wconf 89' lang='lat' dir='ltr'>eris</span> <span class='ocrx_word' id='word_1_24' title='bbox 931 888 1092 954; x_wconf 77' lang='lat' dir='ltr'>deterior·</span> <span class='ocrx_word' id='word_1_25' title='bbox 1131 886 1315 953; x_wconf 74' lang='lat' dir='ltr'>Allexander</span> 
     </span>
     <span class='ocr_line' id='line_1_5' title="bbox 257 976 1314 1062; baseline -0.002 -20"><span class='ocrx_word' id='word_1_26' title='bbox 257 982 420 1062; x_wconf 83' lang='lat' dir='ltr'>respondit:</span> <span class='ocrx_word' id='word_1_27' title='bbox 454 981 643 1046; x_wconf 73' lang='lat' dir='ltr'>„Fortunam</span> <span class='ocrx_word' id='word_1_28' title='bbox 667 978 721 1043; x_wconf 90' lang='lat' dir='ltr'>tibi</span> <span class='ocrx_word' id='word_1_29' title='bbox 745 978 881 1056; x_wconf 88' lang='lat' dir='ltr'>mutabo,</span> <span class='ocrx_word' id='word_1_30' title='bbox 911 996 950 1042; x_wconf 89' lang='lat' dir='ltr'>ne</span> <span class='ocrx_word' id='word_1_31' title='bbox 973 978 1092 1042; x_wconf 81' lang='lat' dir='ltr'><strong>malicia</strong></span> <span class='ocrx_word' id='word_1_32' title='bbox 1113 994 1170 1041; x_wconf 90' lang='lat' dir='ltr'>sue</span> <span class='ocrx_word' id='word_1_33' title='bbox 1192 976 1314 1041; x_wconf 78' lang='lat' dir='ltr'>fortune</span> 
     </span>
     <span class='ocr_line' id='line_1_6' title="bbox 256 1064 1314 1149; baseline -0.004 -17"><span class='ocrx_word' id='word_1_34' title='bbox 256 1071 305 1132; x_wconf 87' lang='lat' dir='ltr'>sed</span> <span class='ocrx_word' id='word_1_35' title='bbox 329 1071 441 1134; x_wconf 90' lang='lat' dir='ltr'>meritis</span> <span class='ocrx_word' id='word_1_36' title='bbox 462 1068 676 1133; x_wconf 77' lang='lat' dir='ltr'>asscribatur.u</span> <span class='ocrx_word' id='word_1_37' title='bbox 724 1068 837 1148; x_wconf 85' lang='lat' dir='ltr'>Sicque</span> <span class='ocrx_word' id='word_1_38' title='bbox 866 1068 977 1131; x_wconf 89' lang='lat' dir='ltr'>ditatus</span> <span class='ocrx_word' id='word_1_39' title='bbox 1007 1070 1052 1131; x_wconf 91' lang='lat' dir='ltr'>est</span> <span class='ocrx_word' id='word_1_40' title='bbox 1081 1085 1137 1149; x_wconf 88' lang='lat' dir='ltr'>per</span> <span class='ocrx_word' id='word_1_41' title='bbox 1163 1084 1244 1145; x_wconf 87' lang='lat' dir='ltr'>eum,</span> <span class='ocrx_word' id='word_1_42' title='bbox 1275 1064 1314 1129; x_wconf 91' lang='lat' dir='ltr'>de</span> 
     </span>
     <span class='ocr_line' id='line_1_7' title="bbox 211 1156 1225 1239; baseline -0.002 -17"><span class='ocrx_word' id='word_1_43' title='bbox 211 1178 245 1222; x_wconf 78' lang='lat' dir='ltr'>so</span> <span class='ocrx_word' id='word_1_44' title='bbox 258 1160 367 1224; x_wconf 87' lang='lat' dir='ltr'>latrone</span> <span class='ocrx_word' id='word_1_45' title='bbox 389 1159 484 1222; x_wconf 89' lang='lat' dir='ltr'>iactus</span> <span class='ocrx_word' id='word_1_46' title='bbox 506 1162 553 1221; x_wconf 90' lang='lat' dir='ltr'>est</span> <span class='ocrx_word' id='word_1_47' title='bbox 574 1158 717 1239; x_wconf 88' lang='lat' dir='ltr'>princeps</span> <span class='ocrx_word' id='word_1_48' title='bbox 743 1161 773 1220; x_wconf 95' lang='lat' dir='ltr'>et</span> <span class='ocrx_word' id='word_1_49' title='bbox 795 1156 943 1221; x_wconf 90' lang='lat' dir='ltr'>mirabilis</span> <span class='ocrx_word' id='word_1_50' title='bbox 965 1156 1079 1220; x_wconf 76' lang='lat' dir='ltr'>zelator</span> <span class='ocrx_word' id='word_1_51' title='bbox 1101 1156 1225 1221; x_wconf 89' lang='lat' dir='ltr'>iusticie.</span> 
     </span>
    </p>
   </div>
   <div class='ocr_carea' id='block_1_3' title="bbox 597 1388 964 1583">
    <p class='ocr_par' dir='ltr' id='par_1_3' title="bbox 597 1388 964 1583">
     <span class='ocr_line' id='line_1_8' title="bbox 597 1388 964 1471; baseline -0.005 -18"><span class='ocrx_word' id='word_1_52' title='bbox 597 1389 674 1471; x_wconf 86' lang='lat' dir='ltr'>Cap.</span> <span class='ocrx_word' id='word_1_53' title='bbox 701 1397 762 1452; x_wconf 87' lang='grc'>120</span> <span class='ocrx_word' id='word_1_54' title='bbox 788 1388 847 1469; x_wconf 83' lang='lat' dir='ltr'>(BL</span> <span class='ocrx_word' id='word_1_55' title='bbox 872 1390 964 1469; x_wconf 67' lang='lat' dir='ltr'>rsa).</span> 
     </span>
     <span class='ocr_line' id='line_1_9' title="bbox 637 1509 923 1583; baseline 0.003 -17"><span class='ocrx_word' id='word_1_56' title='bbox 637 1509 681 1567; x_wconf 91' lang='lat' dir='ltr'>De</span> <span class='ocrx_word' id='word_1_57' title='bbox 699 1525 786 1583; x_wconf 88' lang='lat' dir='ltr'>puero</span> <span class='ocrx_word' id='word_1_58' title='bbox 806 1509 923 1583; x_wconf 84' lang='lat' dir='ltr'>Papyro.</span> 
     </span>
    </p>
   </div>
   <div class='ocr_carea' id='block_1_4' title="bbox 214 1638 1317 3594">
    <p class='ocr_par' dir='ltr' id='par_1_4' title="bbox 257 1638 1315 1988">
     <span class='ocr_line' id='line_1_10' title="bbox 341 1638 1313 1720; baseline -0.002 -17"><span class='ocrx_word' id='word_1_59' title='bbox 341 1640 518 1705; x_wconf 84' lang='lat' dir='ltr'>Macrobius</span> <span class='ocrx_word' id='word_1_60' title='bbox 541 1640 639 1716; x_wconf 86' lang='lat' dir='ltr'>refert,</span> <span class='ocrx_word' id='word_1_61' title='bbox 663 1638 749 1720; x_wconf 91' lang='lat' dir='ltr'>quod</span> <span class='ocrx_word' id='word_1_62' title='bbox 765 1639 892 1719; x_wconf 89' lang='lat' dir='ltr'>quidam</span> <span class='ocrx_word' id='word_1_63' title='bbox 916 1658 993 1720; x_wconf 90' lang='lat' dir='ltr'>puer</span> <span class='ocrx_word' id='word_1_64' title='bbox 1009 1656 1163 1717; x_wconf 88' lang='lat' dir='ltr'>romanus,</span> <span class='ocrx_word' id='word_1_65' title='bbox 1188 1638 1313 1703; x_wconf 89' lang='lat' dir='ltr'>nominc</span> 
     </span>
     <span class='ocr_line' id='line_1_11' title="bbox 259 1726 1313 1812; baseline -0.003 -20"><span class='ocrx_word' id='word_1_66' title='bbox 259 1729 397 1812; x_wconf 86' lang='lat' dir='ltr'>Papyrus,</span> <span class='ocrx_word' id='word_1_67' title='bbox 428 1731 524 1793; x_wconf 88' lang='lat' dir='ltr'>semel</span> <span class='ocrx_word' id='word_1_68' title='bbox 548 1747 619 1793; x_wconf 93' lang='lat' dir='ltr'>cum</span> <span class='ocrx_word' id='word_1_69' title='bbox 643 1734 726 1811; x_wconf 90' lang='lat' dir='ltr'>patre</span> <span class='ocrx_word' id='word_1_70' title='bbox 748 1734 887 1792; x_wconf 90' lang='lat' dir='ltr'>senatum</span> <span class='ocrx_word' id='word_1_71' title='bbox 912 1729 1082 1810; x_wconf 85' lang='lat' dir='ltr'>sapientum</span> <span class='ocrx_word' id='word_1_72' title='bbox 1108 1726 1237 1807; x_wconf 88' lang='lat' dir='ltr'>intrauit,</span> <span class='ocrx_word' id='word_1_73' title='bbox 1261 1727 1313 1791; x_wconf 89' lang='lat' dir='ltr'>vbi</span> 
     </span>
     <span class='ocr_line' id='line_1_12' title="bbox 257 1816 1315 1899; baseline -0.001 -18"><span class='ocrx_word' id='word_1_74' title='bbox 257 1819 409 1899; x_wconf 79' lang='lat' dir='ltr'>quoddam</span> <span class='ocrx_word' id='word_1_75' title='bbox 424 1823 576 1882; x_wconf 89' lang='lat' dir='ltr'>secretum</span> <span class='ocrx_word' id='word_1_76' title='bbox 592 1818 755 1882; x_wconf 88' lang='lat' dir='ltr'>consilium</span> <span class='ocrx_word' id='word_1_77' title='bbox 780 1822 957 1899; x_wconf 89' lang='lat' dir='ltr'>preceptum</span> <span class='ocrx_word' id='word_1_78' title='bbox 973 1822 1018 1882; x_wconf 89' lang='lat' dir='ltr'>est</span> <span class='ocrx_word' id='word_1_79' title='bbox 1032 1818 1092 1881; x_wconf 91' lang='lat' dir='ltr'>sub</span> <span class='ocrx_word' id='word_1_80' title='bbox 1115 1834 1194 1898; x_wconf 91' lang='lat' dir='ltr'>pena</span> <span class='ocrx_word' id='word_1_81' title='bbox 1209 1816 1315 1898; x_wconf 88' lang='lat' dir='ltr'>capitis</span> 
     </span>
     <span class='ocr_line' id='line_1_13' title="bbox 258 1906 1313 1988; baseline -0.001 -18"><span class='ocrx_word' id='word_1_82' title='bbox 258 1909 406 1973; x_wconf 86' lang='lat' dir='ltr'>custodiri.</span> <span class='ocrx_word' id='word_1_83' title='bbox 441 1907 587 1987; x_wconf 89' lang='lat' dir='ltr'>Cumque</span> <span class='ocrx_word' id='word_1_84' title='bbox 604 1926 680 1988; x_wconf 89' lang='lat' dir='ltr'>puer</span> <span class='ocrx_word' id='word_1_85' title='bbox 696 1912 773 1971; x_wconf 87' lang='lat' dir='ltr'>esset</span> <span class='ocrx_word' id='word_1_86' title='bbox 796 1924 938 1971; x_wconf 90' lang='lat' dir='ltr'>reuersus</span> <span class='ocrx_word' id='word_1_87' title='bbox 960 1906 999 1970; x_wconf 89' lang='lat' dir='ltr'>ad</span> <span class='ocrx_word' id='word_1_88' title='bbox 1024 1912 1150 1970; x_wconf 89' lang='lat' dir='ltr'>matrem</span> <span class='ocrx_word' id='word_1_89' title='bbox 1173 1906 1313 1984; x_wconf 89' lang='lat' dir='ltr'>domurn,</span> 
     </span>
    </p>

    <p class='ocr_par' dir='ltr' id='par_1_5' title="bbox 214 1996 1317 3594">
     <span class='ocr_line' id='line_1_14' title="bbox 214 1996 1313 2077; baseline 0 -19"><span class='ocrx_word' id='word_1_90' title='bbox 214 2014 247 2058; x_wconf 75' lang='lat' dir='ltr'>aaa</span> <span class='ocrx_word' id='word_1_91' title='bbox 260 1998 497 2077; x_wconf 84' lang='lat' dir='ltr'>interrogatusa</span> <span class='ocrx_word' id='word_1_92' title='bbox 525 2000 627 2075; x_wconf 88' lang='lat' dir='ltr'>matre,</span> <span class='ocrx_word' id='word_1_93' title='bbox 660 1996 735 2076; x_wconf 90' lang='lat' dir='ltr'>quid</span> <span class='ocrx_word' id='word_1_94' title='bbox 766 1996 911 2060; x_wconf 89' lang='lat' dir='ltr'>consules</span> <span class='ocrx_word' id='word_1_95' title='bbox 941 1996 1121 2074; x_wconf 85' lang='lat' dir='ltr'>statuissent,</span> <span class='ocrx_word' id='word_1_96' title='bbox 1153 1996 1194 2059; x_wconf 90' lang='lat' dir='ltr'>ait</span> <span class='ocrx_word' id='word_1_97' title='bbox 1224 2012 1313 2077; x_wconf 89' lang='lat' dir='ltr'>puer:</span> 
     </span>
     <span class='ocr_line' id='line_1_15' title="bbox 261 2084 1315 2167; baseline -0.002 -18"><span class='ocrx_word' id='word_1_98' title='bbox 261 2088 346 2150; x_wconf 70' lang='lat' dir='ltr'>„Non</span> <span class='ocrx_word' id='word_1_99' title='bbox 369 2088 438 2150; x_wconf 90' lang='lat' dir='ltr'>licet</span> <span class='ocrx_word' id='word_1_100' title='bbox 459 2086 551 2150; x_wconf 89' lang='lat' dir='ltr'>alicui</span> <span class='ocrx_word' id='word_1_101' title='bbox 574 2085 684 2164; x_wconf 88' lang='lat' dir='ltr'>dicere,</span> <span class='ocrx_word' id='word_1_102' title='bbox 715 2084 801 2165; x_wconf 90' lang='lat' dir='ltr'>quod</span> <span class='ocrx_word' id='word_1_103' title='bbox 825 2086 885 2150; x_wconf 90' lang='lat' dir='ltr'>sub</span> <span class='ocrx_word' id='word_1_104' title='bbox 909 2103 987 2167; x_wconf 87' lang='lat' dir='ltr'>pena</span> <span class='ocrx_word' id='word_1_105' title='bbox 1018 2085 1122 2167; x_wconf 92' lang='lat' dir='ltr'>capitis</span> <span class='ocrx_word' id='word_1_106' title='bbox 1149 2085 1315 2166; x_wconf 89' lang='lat' dir='ltr'>precipitur</span> 
     </span>
     <span class='ocr_line' id='line_1_16' title="bbox 259 2174 1314 2256; baseline -0.002 -17"><span class='ocrx_word' id='word_1_107' title='bbox 259 2176 421 2239; x_wconf 59' lang='lat' dir='ltr'>occultans</span> <span class='ocrx_word' id='word_1_108' title='bbox 471 2174 611 2238; x_wconf 83' lang='lat' dir='ltr'>Audiens</span> <span class='ocrx_word' id='word_1_109' title='bbox 634 2174 691 2238; x_wconf 93' lang='lat' dir='ltr'>hec</span> <span class='ocrx_word' id='word_1_110' title='bbox 713 2179 808 2238; x_wconf 90' lang='lat' dir='ltr'>mater</span> <span class='ocrx_word' id='word_1_111' title='bbox 835 2174 906 2256; x_wconf 91' lang='lat' dir='ltr'>plus</span> <span class='ocrx_word' id='word_1_112' title='bbox 929 2175 1042 2255; x_wconf 90' lang='lat' dir='ltr'>incepit</span> <span class='ocrx_word' id='word_1_113' title='bbox 1064 2174 1214 2255; x_wconf 88' lang='lat' dir='ltr'>precibus,</span> <span class='ocrx_word' id='word_1_114' title='bbox 1243 2191 1314 2255; x_wconf 80' lang='lat' dir='ltr'>pro</span> 
     </span>
     <span class='ocr_line' id='line_1_17' title="bbox 259 2262 1314 2345; baseline 0 -20"><span class='ocrx_word' id='word_1_115' title='bbox 259 2265 360 2343; x_wconf 90' lang='lat' dir='ltr'>missis,</span> <span class='ocrx_word' id='word_1_116' title='bbox 390 2265 484 2329; x_wconf 91' lang='lat' dir='ltr'>minis</span> <span class='ocrx_word' id='word_1_117' title='bbox 507 2269 536 2327; x_wconf 93' lang='lat' dir='ltr'>et</span> <span class='ocrx_word' id='word_1_118' title='bbox 558 2264 739 2328; x_wconf 89' lang='lat' dir='ltr'>verberibus</span> <span class='ocrx_word' id='word_1_119' title='bbox 766 2282 897 2345; x_wconf 88' lang='lat' dir='ltr'>puerum</span> <span class='ocrx_word' id='word_1_120' title='bbox 927 2262 965 2329; x_wconf 86' lang='lat' dir='ltr'>ad</span> <span class='ocrx_word' id='word_1_121' title='bbox 996 2264 1218 2327; x_wconf 89' lang='lat' dir='ltr'>reuelacionem</span> <span class='ocrx_word' id='word_1_122' title='bbox 1241 2262 1314 2327; x_wconf 87' lang='lat' dir='ltr'>tanti</span> 
     </span>
     <span class='ocr_line' id='line_1_18' title="bbox 259 2352 1312 2435; baseline -0.001 -20"><span class='ocrx_word' id='word_1_123' title='bbox 259 2355 355 2417; x_wconf 88' lang='lat' dir='ltr'>secreti</span> <span class='ocrx_word' id='word_1_124' title='bbox 393 2354 550 2417; x_wconf 89' lang='lat' dir='ltr'>inclinare.</span> <span class='ocrx_word' id='word_1_125' title='bbox 610 2352 748 2416; x_wconf 84' lang='lat' dir='ltr'>Tandem</span> <span class='ocrx_word' id='word_1_126' title='bbox 787 2371 879 2435; x_wconf 87' lang='lat' dir='ltr'>puer,</span> <span class='ocrx_word' id='word_1_127' title='bbox 922 2356 953 2417; x_wconf 89' lang='lat' dir='ltr'>vt</span> <span class='ocrx_word' id='word_1_128' title='bbox 991 2356 1116 2416; x_wconf 90' lang='lat' dir='ltr'>matrem</span> <span class='ocrx_word' id='word_1_129' title='bbox 1156 2352 1312 2415; x_wconf 83' lang='lat' dir='ltr'>molestam</span> 
     </span>
     <span class='ocr_line' id='line_1_19' title="bbox 216 2442 1313 2520; baseline 0.001 -18"><span class='ocrx_word' id='word_1_130' title='bbox 216 2444 393 2507; x_wconf 80' lang='lat' dir='ltr'>raeuaderet</span> <span class='ocrx_word' id='word_1_131' title='bbox 419 2447 450 2506; x_wconf 94' lang='lat' dir='ltr'>et</span> <span class='ocrx_word' id='word_1_132' title='bbox 479 2446 628 2506; x_wconf 90' lang='lat' dir='ltr'>secretum</span> <span class='ocrx_word' id='word_1_133' title='bbox 660 2446 782 2520; x_wconf 89' lang='lat' dir='ltr'>teneret,</span> <span class='ocrx_word' id='word_1_134' title='bbox 812 2442 888 2505; x_wconf 85' lang='lat' dir='ltr'>dixit</span> <span class='ocrx_word' id='word_1_135' title='bbox 917 2448 1018 2507; x_wconf 85' lang='lat' dir='ltr'>actum</span> <span class='ocrx_word' id='word_1_136' title='bbox 1049 2460 1115 2506; x_wconf 88' lang='lat' dir='ltr'>esse</span> <span class='ocrx_word' id='word_1_137' title='bbox 1147 2442 1178 2505; x_wconf 91' lang='lat' dir='ltr'>in</span> <span class='ocrx_word' id='word_1_138' title='bbox 1208 2444 1313 2505; x_wconf 89' lang='lat' dir='ltr'>senatu</span> 
     </span>
     <span class='ocr_line' id='line_1_20' title="bbox 260 2529 1316 2613; baseline -0.004 -17"><span class='ocrx_word' id='word_1_139' title='bbox 260 2534 426 2612; x_wconf 87' lang='lat' dir='ltr'>consilium,</span> <span class='ocrx_word' id='word_1_140' title='bbox 461 2537 562 2596; x_wconf 88' lang='lat' dir='ltr'>vtrum</span> <span class='ocrx_word' id='word_1_141' title='bbox 592 2533 630 2596; x_wconf 92' lang='lat' dir='ltr'>sit</span> <span class='ocrx_word' id='word_1_142' title='bbox 661 2532 771 2596; x_wconf 90' lang='lat' dir='ltr'>melius</span> <span class='ocrx_word' id='word_1_143' title='bbox 801 2532 832 2594; x_wconf 91' lang='lat' dir='ltr'>in</span> <span class='ocrx_word' id='word_1_144' title='bbox 863 2531 1010 2608; x_wconf 81' lang='lat' dir='ltr'>futurum,</span> <span class='ocrx_word' id='word_1_145' title='bbox 1042 2532 1127 2613; x_wconf 90' lang='lat' dir='ltr'>quod</span> <span class='ocrx_word' id='word_1_146' title='bbox 1158 2549 1239 2596; x_wconf 90' lang='lat' dir='ltr'>vnus</span> <span class='ocrx_word' id='word_1_147' title='bbox 1269 2529 1316 2594; x_wconf 89' lang='lat' dir='ltr'>vir</span> 
     </span>
     <span class='ocr_line' id='line_1_21' title="bbox 259 2619 1314 2704; baseline 0.001 -21"><span class='ocrx_word' id='word_1_148' title='bbox 259 2621 343 2685; x_wconf 90' lang='lat' dir='ltr'>ducat</span> <span class='ocrx_word' id='word_1_149' title='bbox 364 2623 468 2704; x_wconf 88' lang='lat' dir='ltr'>plures</span> <span class='ocrx_word' id='word_1_150' title='bbox 490 2639 610 2700; x_wconf 88' lang='lat' dir='ltr'>vxores,</span> <span class='ocrx_word' id='word_1_151' title='bbox 637 2622 685 2684; x_wconf 89' lang='lat' dir='ltr'>vel</span> <span class='ocrx_word' id='word_1_152' title='bbox 708 2639 768 2684; x_wconf 89' lang='lat' dir='ltr'>vna</span> <span class='ocrx_word' id='word_1_153' title='bbox 791 2621 902 2684; x_wconf 88' lang='lat' dir='ltr'>mulier</span> <span class='ocrx_word' id='word_1_154' title='bbox 925 2621 1029 2702; x_wconf 89' lang='lat' dir='ltr'>plures</span> <span class='ocrx_word' id='word_1_155' title='bbox 1051 2622 1134 2686; x_wconf 90' lang='lat' dir='ltr'>viros</span> <span class='ocrx_word' id='word_1_156' title='bbox 1158 2621 1189 2684; x_wconf 94' lang='lat' dir='ltr'>in</span> <span class='ocrx_word' id='word_1_157' title='bbox 1214 2619 1314 2684; x_wconf 89' lang='lat' dir='ltr'>matri·</span> 
     </span>
     <span class='ocr_line' id='line_1_22' title="bbox 261 2710 1313 2785; baseline 0.001 -13"><span class='ocrx_word' id='word_1_158' title='bbox 261 2712 402 2775; x_wconf 90' lang='lat' dir='ltr'>monium.</span> <span class='ocrx_word' id='word_1_159' title='bbox 449 2711 525 2785; x_wconf 91' lang='lat' dir='ltr'>Quo</span> <span class='ocrx_word' id='word_1_160' title='bbox 548 2711 631 2774; x_wconf 90' lang='lat' dir='ltr'>dicto</span> <span class='ocrx_word' id='word_1_161' title='bbox 654 2715 749 2773; x_wconf 90' lang='lat' dir='ltr'>mater</span> <span class='ocrx_word' id='word_1_162' title='bbox 770 2710 838 2774; x_wconf 90' lang='lat' dir='ltr'>aliis</span> <span class='ocrx_word' id='word_1_163' title='bbox 860 2710 983 2774; x_wconf 83' lang='lat' dir='ltr'>leminis</span> <span class='ocrx_word' id='word_1_164' title='bbox 1007 2711 1142 2775; x_wconf 88' lang='lat' dir='ltr'>romanis</span> <span class='ocrx_word' id='word_1_165' title='bbox 1165 2714 1313 2774; x_wconf 88' lang='lat' dir='ltr'>secretum</span> 
     </span>
     <span class='ocr_line' id='line_1_23' title="bbox 260 2799 1315 2883; baseline 0.002 -23"><span class='ocrx_word' id='word_1_166' title='bbox 260 2799 314 2864; x_wconf 90' lang='lat' dir='ltr'>hoc</span> <span class='ocrx_word' id='word_1_167' title='bbox 336 2801 498 2883; x_wconf 89' lang='lat' dir='ltr'>proposuit</span> <span class='ocrx_word' id='word_1_168' title='bbox 521 2800 608 2880; x_wconf 90' lang='lat' dir='ltr'>quasi</span> <span class='ocrx_word' id='word_1_169' title='bbox 631 2818 749 2862; x_wconf 89' lang='lat' dir='ltr'>verum.</span> <span class='ocrx_word' id='word_1_170' title='bbox 786 2799 889 2863; x_wconf 80' lang='lat' dir='ltr'>Altera</span> <span class='ocrx_word' id='word_1_171' title='bbox 911 2799 962 2864; x_wconf 92' lang='lat' dir='ltr'>die</span> <span class='ocrx_word' id='word_1_172' title='bbox 985 2799 1099 2864; x_wconf 83' lang='lat' dir='ltr'>lemine</span> <span class='ocrx_word' id='word_1_173' title='bbox 1122 2818 1192 2863; x_wconf 91' lang='lat' dir='ltr'>cum</span> <span class='ocrx_word' id='word_1_174' title='bbox 1216 2805 1315 2862; x_wconf 89' lang='lat' dir='ltr'>turma</span> 
     </span>
     <span class='ocr_line' id='line_1_24' title="bbox 218 2889 1314 2970; baseline 0.003 -23"><span class='ocrx_word' id='word_1_175' title='bbox 218 2896 401 2953; x_wconf 65' lang='lat' dir='ltr'>mvenemnt</span> <span class='ocrx_word' id='word_1_176' title='bbox 423 2889 462 2953; x_wconf 92' lang='lat' dir='ltr'>ad</span> <span class='ocrx_word' id='word_1_177' title='bbox 486 2893 625 2953; x_wconf 90' lang='lat' dir='ltr'>senatum</span> <span class='ocrx_word' id='word_1_178' title='bbox 649 2889 784 2953; x_wconf 89' lang='lat' dir='ltr'>dicentes</span> <span class='ocrx_word' id='word_1_179' title='bbox 811 2889 919 2970; x_wconf 90' lang='lat' dir='ltr'>pocius</span> <span class='ocrx_word' id='word_1_180' title='bbox 941 2907 1032 2952; x_wconf 90' lang='lat' dir='ltr'>vnam</span> <span class='ocrx_word' id='word_1_181' title='bbox 1057 2889 1190 2967; x_wconf 91' lang='lat' dir='ltr'>duobus,</span> <span class='ocrx_word' id='word_1_182' title='bbox 1221 2906 1314 2970; x_wconf 90' lang='lat' dir='ltr'>quam</span> 
     </span>
     <span class='ocr_line' id='line_1_25' title="bbox 260 2977 1315 3058; baseline 0.003 -20"><span class='ocrx_word' id='word_1_183' title='bbox 260 2977 331 3042; x_wconf 91' lang='lat' dir='ltr'>duas</span> <span class='ocrx_word' id='word_1_184' title='bbox 357 2979 490 3042; x_wconf 81' lang='lat' dir='ltr'>feminas</span> <span class='ocrx_word' id='word_1_185' title='bbox 520 2978 637 3042; x_wconf 90' lang='lat' dir='ltr'>nubere</span> <span class='ocrx_word' id='word_1_186' title='bbox 668 2978 720 3041; x_wconf 93' lang='lat' dir='ltr'>vni</span> <span class='ocrx_word' id='word_1_187' title='bbox 751 2978 829 3042; x_wconf 90' lang='lat' dir='ltr'>viro.</span> <span class='ocrx_word' id='word_1_188' title='bbox 874 2978 1035 3042; x_wconf 87' lang='lat' dir='ltr'>Senatores</span> <span class='ocrx_word' id='word_1_189' title='bbox 1064 2997 1139 3042; x_wconf 91' lang='lat' dir='ltr'>vero</span> <span class='ocrx_word' id='word_1_190' title='bbox 1171 2982 1315 3058; x_wconf 88' lang='lat' dir='ltr'>pauentes</span> 
     </span>
     <span class='ocr_line' id='line_1_26' title="bbox 260 3066 1315 3149; baseline 0.002 -23"><span class='ocrx_word' id='word_1_191' title='bbox 260 3069 416 3132; x_wconf 89' lang='lat' dir='ltr'>verecundi</span> <span class='ocrx_word' id='word_1_192' title='bbox 440 3085 531 3131; x_wconf 91' lang='lat' dir='ltr'>sexus</span> <span class='ocrx_word' id='word_1_193' title='bbox 555 3066 733 3149; x_wconf 84' lang='lat' dir='ltr'>inpudicam</span> <span class='ocrx_word' id='word_1_194' title='bbox 759 3067 933 3147; x_wconf 83' lang='lat' dir='ltr'>insani-(Bi.</span> <span class='ocrx_word' id='word_1_195' title='bbox 957 3068 1094 3148; x_wconf 61' lang='lat' dir='ltr'>isuram</span> <span class='ocrx_word' id='word_1_196' title='bbox 1119 3067 1315 3144; x_wconf 90' lang='lat' dir='ltr'>mirabantur,</span> 
     </span>
     <span class='ocr_line' id='line_1_27' title="bbox 260 3157 1314 3238; baseline -0.001 -20"><span class='ocrx_word' id='word_1_197' title='bbox 260 3157 399 3233; x_wconf 89' lang='lat' dir='ltr'>quidnam</span> <span class='ocrx_word' id='word_1_198' title='bbox 431 3157 521 3220; x_wconf 89' lang='lat' dir='ltr'>vellet</span> <span class='ocrx_word' id='word_1_199' title='bbox 550 3160 631 3219; x_wconf 85' lang='lat' dir='ltr'>tanta</span> <span class='ocrx_word' id='word_1_200' title='bbox 660 3157 843 3219; x_wconf 85' lang='lat' dir='ltr'>feminarum</span> <span class='ocrx_word' id='word_1_201' title='bbox 875 3157 1078 3238; x_wconf 85' lang='lat' dir='ltr'>intemperies,</span> <span class='ocrx_word' id='word_1_202' title='bbox 1112 3160 1314 3220; x_wconf 85' lang='lat' dir='ltr'>nonullam</span> 
     </span>
     <span class='ocr_line' id='line_1_28' title="bbox 261 3245 1313 3328; baseline 0 -20"><span class='ocrx_word' id='word_1_203' title='bbox 261 3263 346 3322; x_wconf 90' lang='lat' dir='ltr'>parue</span> <span class='ocrx_word' id='word_1_204' title='bbox 379 3247 423 3310; x_wconf 91' lang='lat' dir='ltr'>rei</span> <span class='ocrx_word' id='word_1_205' title='bbox 458 3245 646 3328; x_wconf 84' lang='lat' dir='ltr'>prodigium,</span> <span class='ocrx_word' id='word_1_206' title='bbox 681 3250 711 3309; x_wconf 87' lang='lat' dir='ltr'>et</span> <span class='ocrx_word' id='word_1_207' title='bbox 739 3250 800 3309; x_wconf 88' lang='lat' dir='ltr'>tarn</span> <span class='ocrx_word' id='word_1_208' title='bbox 828 3246 1001 3310; x_wconf 88' lang='lat' dir='ltr'>verecunda</span> <span class='ocrx_word' id='word_1_209' title='bbox 1036 3245 1205 3327; x_wconf 89' lang='lat' dir='ltr'>postulacio</span> <span class='ocrx_word' id='word_1_210' title='bbox 1239 3245 1313 3325; x_wconf 92' lang='lat' dir='ltr'>quid</span> 
     </span>
     <span class='ocr_line' id='line_1_29' title="bbox 219 3335 1315 3416; baseline -0.001 -21"><span class='ocrx_word' id='word_1_211' title='bbox 219 3341 381 3399; x_wconf 74' lang='lat' dir='ltr'>manaret</span> <span class='ocrx_word' id='word_1_212' title='bbox 429 3336 538 3399; x_wconf 85' lang='lat' dir='ltr'>Postea</span> <span class='ocrx_word' id='word_1_213' title='bbox 568 3353 646 3416; x_wconf 90' lang='lat' dir='ltr'>puer</span> <span class='ocrx_word' id='word_1_214' title='bbox 677 3335 815 3416; x_wconf 84' lang='lat' dir='ltr'>Papyrus</span> <span class='ocrx_word' id='word_1_215' title='bbox 845 3335 921 3398; x_wconf 90' lang='lat' dir='ltr'>dixit</span> <span class='ocrx_word' id='word_1_216' title='bbox 949 3335 1065 3400; x_wconf 89' lang='lat' dir='ltr'>senatui</span> <span class='ocrx_word' id='word_1_217' title='bbox 1097 3354 1160 3398; x_wconf 90' lang='lat' dir='ltr'>rem</span> <span class='ocrx_word' id='word_1_218' title='bbox 1191 3339 1315 3416; x_wconf 87' lang='lat' dir='ltr'>gestam.</span> 
     </span>
     <span class='ocr_line' id='line_1_30' title="bbox 263 3421 1317 3506; baseline 0.002 -22"><span class='ocrx_word' id='word_1_219' title='bbox 263 3421 305 3486; x_wconf 86' lang='lat' dir='ltr'>De</span> <span class='ocrx_word' id='word_1_220' title='bbox 326 3443 385 3505; x_wconf 91' lang='lat' dir='ltr'>qua</span> <span class='ocrx_word' id='word_1_221' title='bbox 408 3425 467 3505; x_wconf 92' lang='lat' dir='ltr'>ipsi</span> <span class='ocrx_word' id='word_1_222' title='bbox 492 3442 623 3506; x_wconf 88' lang='lat' dir='ltr'>puerum</span> <span class='ocrx_word' id='word_1_223' title='bbox 648 3424 900 3488; x_wconf 87' lang='lat' dir='ltr'>commendantes</span> <span class='ocrx_word' id='word_1_224' title='bbox 915 3428 1089 3501; x_wconf 86' lang='lat' dir='ltr'>statuerunt,</span> <span class='ocrx_word' id='word_1_225' title='bbox 1112 3428 1145 3487; x_wconf 91' lang='lat' dir='ltr'>vt</span> <span class='ocrx_word' id='word_1_226' title='bbox 1167 3425 1217 3488; x_wconf 91' lang='lat' dir='ltr'>hic</span> <span class='ocrx_word' id='word_1_227' title='bbox 1240 3442 1317 3506; x_wconf 88' lang='lat' dir='ltr'>puer</span> 
     </span>
     <span class='ocr_line' id='line_1_31' title="bbox 261 3513 1200 3594; baseline 0.005 -21"><span class='ocrx_word' id='word_1_228' title='bbox 261 3528 373 3594; x_wconf 90' lang='lat' dir='ltr'>semper</span> <span class='ocrx_word' id='word_1_229' title='bbox 394 3514 513 3578; x_wconf 90' lang='lat' dir='ltr'>senatui</span> <span class='ocrx_word' id='word_1_230' title='bbox 538 3513 696 3577; x_wconf 87' lang='lat' dir='ltr'>interesset</span> <span class='ocrx_word' id='word_1_231' title='bbox 718 3518 747 3576; x_wconf 90' lang='lat' dir='ltr'>et</span> <span class='ocrx_word' id='word_1_232' title='bbox 769 3513 847 3578; x_wconf 88' lang='lat' dir='ltr'>alius</span> <span class='ocrx_word' id='word_1_233' title='bbox 871 3515 974 3578; x_wconf 87' lang='lat' dir='ltr'>nullus</span> <span class='ocrx_word' id='word_1_234' title='bbox 998 3515 1028 3576; x_wconf 91' lang='lat' dir='ltr'>in</span> <span class='ocrx_word' id='word_1_235' title='bbox 1053 3514 1200 3578; x_wconf 87' lang='lat' dir='ltr'>futurum.</span> 
     </span>
    </p>
   </div>
   <div class='ocr_carea' id='block_1_5' title="bbox 292 3743 1286 3940">
    <p class='ocr_par' dir='ltr' id='par_1_6' title="bbox 292 3743 1286 3940">
     <span class='ocr_line' id='line_1_32' title="bbox 599 3743 969 3825; baseline 0.008 -19"><span class='ocrx_word' id='word_1_236' title='bbox 599 3743 676 3825; x_wconf 87' lang='lat' dir='ltr'>Cap.</span> <span class='ocrx_word' id='word_1_237' title='bbox 703 3747 762 3808; x_wconf 87' lang='grc'>125</span> <span class='ocrx_word' id='word_1_238' title='bbox 790 3745 848 3825; x_wconf 83' lang='lat' dir='ltr'>(BL</span> <span class='ocrx_word' id='word_1_239' title='bbox 874 3747 969 3824; x_wconf 86' lang='lat' dir='ltr'><strong>46v.).</strong></span> 
     </span>
     <span class='ocr_line' id='line_1_33' title="bbox 292 3864 1286 3940; baseline 0.005 -21"><span class='ocrx_word' id='word_1_240' title='bbox 292 3864 332 3920; x_wconf 89' lang='lat' dir='ltr'>De</span> <span class='ocrx_word' id='word_1_241' title='bbox 349 3865 462 3937; x_wconf 82' lang='lat' dir='ltr'>ligurio</span> <span class='ocrx_word' id='word_1_242' title='bbox 481 3864 575 3933; x_wconf 90' lang='lat' dir='ltr'>milite,</span> <span class='ocrx_word' id='word_1_243' title='bbox 594 3864 643 3936; x_wconf 92' lang='lat' dir='ltr'>qui</span> <span class='ocrx_word' id='word_1_244' title='bbox 662 3865 753 3936; x_wconf 86' lang='lat' dir='ltr'>coegit</span> <span class='ocrx_word' id='word_1_245' title='bbox 771 3865 909 3939; x_wconf 90' lang='lat' dir='ltr'>populum</span> <span class='ocrx_word' id='word_1_246' title='bbox 928 3866 1017 3923; x_wconf 90' lang='lat' dir='ltr'>iurare</span> <span class='ocrx_word' id='word_1_247' title='bbox 1034 3869 1061 3923; x_wconf 90' lang='lat' dir='ltr'>et</span> <span class='ocrx_word' id='word_1_248' title='bbox 1078 3883 1187 3925; x_wconf 89' lang='lat' dir='ltr'>seruare</span> <span class='ocrx_word' id='word_1_249' title='bbox 1205 3867 1286 3940; x_wconf 82' lang='lat' dir='ltr'>leges.</span> 
     </span>
    </p>
   </div>
   <div class='ocr_carea' id='block_1_6' title="bbox 221 4012 1318 4361">
    <p class='ocr_par' dir='ltr' id='par_1_7' title="bbox 221 4012 1318 4361">
     <span class='ocr_line' id='line_1_34' title="bbox 341 4012 1316 4096; baseline 0.004 -21"><span class='ocrx_word' id='word_1_250' title='bbox 341 4013 451 4075; x_wconf 88' lang='lat' dir='ltr'>Narrat</span> <span class='ocrx_word' id='word_1_251' title='bbox 465 4013 589 4092; x_wconf 84' lang='lat' dir='ltr'>Trogus</span> <span class='ocrx_word' id='word_1_252' title='bbox 606 4012 773 4092; x_wconf 85' lang='lat' dir='ltr'>Pompeius</span> <span class='ocrx_word' id='word_1_253' title='bbox 792 4012 832 4076; x_wconf 90' lang='lat' dir='ltr'>de</span> <span class='ocrx_word' id='word_1_254' title='bbox 849 4013 989 4094; x_wconf 83' lang='lat' dir='ltr'>Ligureo,</span> <span class='ocrx_word' id='word_1_255' title='bbox 1014 4014 1111 4078; x_wconf 89' lang='lat' dir='ltr'>nobili</span> <span class='ocrx_word' id='word_1_256' title='bbox 1136 4015 1238 4093; x_wconf 88' lang='lat' dir='ltr'>milite,</span> <span class='ocrx_word' id='word_1_257' title='bbox 1262 4016 1316 4096; x_wconf 91' lang='lat' dir='ltr'>qui</span> 
     </span>
     <span class='ocr_line' id='line_1_35' title="bbox 262 4099 1317 4182; baseline 0.006 -22"><span class='ocrx_word' id='word_1_258' title='bbox 262 4099 403 4165; x_wconf 88' lang='lat' dir='ltr'>ciuitatem</span> <span class='ocrx_word' id='word_1_259' title='bbox 427 4101 583 4182; x_wconf 90' lang='lat' dir='ltr'>quandam</span> <span class='ocrx_word' id='word_1_260' title='bbox 607 4119 679 4164; x_wconf 93' lang='lat' dir='ltr'>cum</span> <span class='ocrx_word' id='word_1_261' title='bbox 709 4102 828 4182; x_wconf 91' lang='lat' dir='ltr'>populo</span> <span class='ocrx_word' id='word_1_262' title='bbox 858 4103 958 4166; x_wconf 92' lang='lat' dir='ltr'>iurare</span> <span class='ocrx_word' id='word_1_263' title='bbox 987 4103 1149 4167; x_wconf 87' lang='lat' dir='ltr'>induxerat</span> <span class='ocrx_word' id='word_1_264' title='bbox 1170 4104 1209 4168; x_wconf 90' lang='lat' dir='ltr'>ad</span> <span class='ocrx_word' id='word_1_265' title='bbox 1232 4122 1317 4168; x_wconf 89' lang='lat' dir='ltr'>seru-</span> 
     </span>
     <span class='ocr_line' id='line_1_36' title="bbox 221 4189 1318 4272; baseline 0.007 -24"><span class='ocrx_word' id='word_1_266' title='bbox 221 4189 369 4253; x_wconf 73' lang='lat' dir='ltr'>nandum</span> <span class='ocrx_word' id='word_1_267' title='bbox 393 4191 477 4271; x_wconf 84' lang='lat' dir='ltr'>leges</span> <span class='ocrx_word' id='word_1_268' title='bbox 500 4190 649 4270; x_wconf 91' lang='lat' dir='ltr'>quasdam</span> <span class='ocrx_word' id='word_1_269' title='bbox 680 4191 773 4254; x_wconf 92' lang='lat' dir='ltr'>iustas</span> <span class='ocrx_word' id='word_1_270' title='bbox 796 4195 824 4253; x_wconf 91' lang='lat' dir='ltr'>et</span> <span class='ocrx_word' id='word_1_271' title='bbox 846 4191 941 4268; x_wconf 88' lang='lat' dir='ltr'>vtiles,</span> <span class='ocrx_word' id='word_1_272' title='bbox 972 4192 1040 4255; x_wconf 92' lang='lat' dir='ltr'>licet</span> <span class='ocrx_word' id='word_1_273' title='bbox 1069 4210 1187 4272; x_wconf 84' lang='lat' dir='ltr'>graues,</span> <span class='ocrx_word' id='word_1_274' title='bbox 1217 4192 1318 4257; x_wconf 89' lang='lat' dir='ltr'>donec</span> 
     </span>
     <span class='ocr_line' id='line_1_37' title="bbox 262 4276 1316 4361; baseline 0.007 -25"><span class='ocrx_word' id='word_1_275' title='bbox 262 4276 319 4357; x_wconf 85' lang='lat' dir='ltr'>ipse</span> <span class='ocrx_word' id='word_1_276' title='bbox 354 4278 522 4361; x_wconf 80' lang='lat' dir='ltr'>Appolline</span> <span class='ocrx_word' id='word_1_277' title='bbox 560 4279 682 4356; x_wconf 86' lang='lat' dir='ltr'>deifico,</span> <span class='ocrx_word' id='word_1_278' title='bbox 721 4297 814 4359; x_wconf 93' lang='lat' dir='ltr'>quem</span> <span class='ocrx_word' id='word_1_279' title='bbox 854 4280 919 4360; x_wconf 89' lang='lat' dir='ltr'>ipse</span> <span class='ocrx_word' id='word_1_280' title='bbox 949 4280 1037 4344; x_wconf 85' lang='lat' dir='ltr'>tinxit</span> <span class='ocrx_word' id='word_1_281' title='bbox 1066 4299 1132 4345; x_wconf 88' lang='lat' dir='ltr'>esse</span> <span class='ocrx_word' id='word_1_282' title='bbox 1162 4286 1316 4346; x_wconf 88' lang='lat' dir='ltr'>auctorem</span> 
     </span>
    </p>
   </div>
   <div class='ocr_carea' id='block_1_7' title="bbox 285 4396 1174 4454">
    <p class='ocr_par' dir='ltr' id='par_1_8' title="bbox 285 4396 1174 4454">
     <span class='ocr_line' id='line_1_38' title="bbox 285 4396 1174 4454; baseline -0.002 -10"><span class='ocrx_word' id='word_1_283' title='bbox 285 4396 393 4452; x_wconf 83' lang='lat' dir='ltr'>Ulrich,</span> <span class='ocrx_word' id='word_1_284' title='bbox 417 4398 555 4443; x_wconf 73' lang='lat' dir='ltr'>lateinische</span> <span class='ocrx_word' id='word_1_285' title='bbox 568 4398 703 4443; x_wconf 83' lang='lat' dir='ltr'>Novellistilr</span> <span class='ocrx_word' id='word_1_286' title='bbox 716 4399 755 4442; x_wconf 81' lang='lat' dir='ltr'>des</span> <span class='ocrx_word' id='word_1_287' title='bbox 769 4398 918 4442; x_wconf 74' lang='lat' dir='ltr'>mittelalters.</span> <span class='ocrx_word' id='word_1_288' title='bbox 1158 4407 1174 4454; x_wconf 85' lang='lat'>9</span> 
     </span>
    </p>
   </div>
   <div class='ocr_carea' id='block_1_8' title="bbox 0 0 1771 5025">
    <p class='ocr_par' dir='ltr' id='par_1_9' title="bbox 0 0 1771 5025">
     <span class='ocr_line' id='line_1_39' title="bbox 0 0 1771 5025; baseline 0 0"><span class='ocrx_word' id='word_1_289' title='bbox 0 0 1771 5025; x_wconf 95' lang='lat' dir='ltr'> </span> 
     </span>
    </p>
   </div>
  </div>
 </body>
</html>
