3525 5025
830 494 1027 550 ..g-

575 666 648 729 Exta
671 664 797 746 Cupido
822 666 914 729 nimis
937 665 1049 747 pallida
1072 671 1229 731 torruerat

478 774 506 819 uu
530 756 627 819 Mater
649 772 716 819 eam
740 754 841 817 timuit
863 754 975 835 injusta
998 760 1082 837 peste
1104 758 1222 836 gravari

573 844 749 919 Quaerens:
772 842 849 921 ,Cur
871 844 970 925 pallor
993 844 1089 908 inficit
1111 845 1161 909 hic
1183 846 1319 909 taciem?

528 934 567 999 Se
591 938 707 1015 captam
725 932 858 997 reterens
882 933 1013 996 nimium
1030 934 1168 998 invenies
1183 951 1392 1016 peramorem.

573 1022 648 1101 ,Cur
671 1022 731 1085 hoc
753 1021 862 1099 celasti,
886 1022 1047 1100 tiliacum,
1071 1023 1179 1087 mihi?‘

531 1112 593 1177 Pro
617 1110 693 1175 natis
716 1114 823 1173 natura
845 1115 956 1192 potens
977 1112 1104 1192 vigilare
1126 1117 1266 1193 parentes

476 1218 515 1265 roo
575 1200 659 1278 Vult;
682 1199 819 1279 genetrix
843 1205 929 1263 natae
952 1205 1100 1264 convocat
1122 1201 1194 1264 inde
1219 1202 1333 1265 Parim.

531 1290 692 1371 invigilant
714 1287 821 1370 epulis,
846 1288 942 1353 Ceres
964 1289 1118 1369 servitque
1142 1292 1258 1371 Lyaeus

530 1380 606 1461 ipsis
629 1382 657 1442 et
680 1395 785 1441 mensa
808 1376 923 1441 lercula
945 1378 1039 1441 multa
1061 1379 1136 1442 tulit.

531 1470 590 1532 llic
614 1466 734 1531 Bactrus
756 1466 836 1530 saliit
856 1484 942 1546 auro,
966 1468 1045 1549 sapit
1067 1468 1117 1531 hic
1139 1468 1210 1547 fera,
1235 1468 1342 1548 piscis;

574 1556 614 1621 Se
636 1556 735 1619 fessos
751 1556 899 1620 humeros
922 1575 1029 1620 mensa
1051 1561 1152 1621 tenere
1175 1556 1273 1621 docet.

475 1646 653 1727 101Junctus
676 1663 746 1708 cum
771 1644 883 1709 Cerere
907 1646 972 1708 vult
994 1645 1147 1709 luxuriare
1171 1647 1301 1727 Lyaeum

576 1736 618 1799 Ut
640 1738 764 1814 generet
786 1736 938 1798 Venerem
962 1734 1056 1798 utitur
1079 1734 1130 1798 ille
1153 1735 1253 1799 nimis.

529 1824 612 1887 Abra
635 1823 749 1887 citatur.
784 1823 891 1900 Adest;
915 1823 986 1886 iacit
1007 1823 1068 1887 illis
1091 1824 1196 1888 nobile
1219 1829 1358 1888 stratum.

575 1915 646 1976 Hoc
668 1911 810 1975 Citharea
833 1912 901 1975 citat
923 1913 1025 1993 adque
1047 1913 1135 1992 jocos
1157 1918 1287 1977 teneros.

530 2002 693 2082 indulgent
716 2001 835 2065 Veneri.
882 2002 967 2065 Misit
991 2003 1125 2066 Fortuna
1148 2002 1290 2065 maritum

476 2110 516 2155 110
576 2090 623 2155 nd
647 2094 758 2153 tectum
783 2089 953 2171 proprium,
977 2108 1041 2171 quo
1065 2109 1121 2154 sua
1142 2109 1258 2172 sponsa
1281 2091 1347 2155 tuit

531 2181 591 2243 llic
613 2182 709 2255 tonat;
734 2179 809 2242 haec
830 2179 928 2260 surgit
951 2184 981 2243 et
1003 2184 1108 2260 posiae
1132 2181 1277 2260 repagula
1299 2180 1397 2255 laxat;

574 2270 647 2333 Non
670 2285 749 2331 anus
770 2272 866 2332 astuta
889 2267 1022 2332 condere
1046 2269 1113 2349 quit
1136 2269 1287 2332 Paridem.

530 2358 652 2439 Cogitat
674 2362 703 2420 et
726 2357 837 2439 reperit
858 2361 967 2434 artem;
991 2357 1092 2420 dalei
1116 2358 1294 2439 pugionem,

576 2448 647 2528 ipsi:
672 2446 785 2527 Staque
807 2451 910 2510 tacens
932 2451 1022 2527 atque
1045 2451 1114 2510 tene
1136 2446 1284 2528 gladium.

476 2557 516 2601 115
531 2538 651 2601 Terruit
674 2537 728 2601 iste
751 2541 852 2600 tacens
874 2555 1035 2617 sponsum,
1063 2536 1138 2600 dum
1163 2537 1321 2617 quaeritat:
1350 2538 1375 2601 is
1399 2535 1443 2600 sit

574 2626 680 2690 Adstat
702 2645 773 2690 cum
797 2626 911 2708 gladio.
958 2625 1072 2690 Socrus
1094 2627 1135 2689 ait
1157 2627 1275 2690 subito:

531 2715 668 2792 Quidam
692 2717 848 2780 stratilates
871 2720 1016 2780 conantes
1039 2715 1123 2779 hunc
1145 2715 1218 2779 dare
1241 2715 1332 2779 morti

574 2807 601 2870 Α
625 2806 716 2870 nobis
740 2805 810 2869 ideo
834 2805 963 2885 quaesiit
984 2804 1144 2868 auxilium.

532 2897 601 2959 lios
617 2895 760 2958 horrebat
782 2893 820 2956 ad
845 2912 915 2958 nos:
939 2899 1021 2958 tenet
1035 2893 1085 2957 hic
1108 2893 1221 2957 idcirco
1244 2910 1437 2957 mucronem.

477 3003 517 3048 120
577 2984 683 3058 Quare
706 2983 753 3045 vir
775 2987 875 3062 grates
898 2983 1026 3047 contulit
1049 2982 1121 3046 huic
1144 2981 1261 3046 vetulae

531 3073 661 3135 Nescius
685 3071 734 3134 hic
756 3070 885 3134 fraudis:
909 3071 971 3148 ‚Sit
995 3090 1110 3151 socrus,
1134 3072 1188 3136 tibi
1207 3071 1302 3152 gratia
1317 3088 1436 3151 magna,

575 3160 625 3224 Sic
646 3160 701 3223 tibi
725 3158 776 3222 dat
799 3159 905 3225 laudes
928 3161 1153 3242 primipotentis
1175 3180 1262 3241 apex.

531 3248 675 3328 Quisque
699 3248 817 3329 probus
840 3247 932 3312 debet
955 3249 1037 3313 tratri
1062 3251 1201 3314 conterre
1223 3250 1381 3330 juvamem

576 3337 655 3400 Nam
680 3337 733 3417 qui
756 3337 862 3417 iuvare
886 3343 991 3419 potest,
1016 3357 1080 3403 non
1104 3339 1182 3418 facit,
1206 3339 1232 3403 is
1255 3338 1385 3420 perimit.

477 3445 517 3491 125
533 3426 680 3491 Gratulor
703 3426 734 3488 in
758 3424 888 3492 domino
908 3427 988 3508 Jesu.
1036 3428 1149 3492 Pariter
1173 3427 1305 3492 residere

577 3515 643 3579 Nos
667 3515 753 3578 decet
775 3519 804 3578 et
827 3535 942 3581 munus
965 3517 1094 3581 reddere
1115 3517 1233 3598 grande
1255 3518 1336 3580 deo‘.

532 3604 623 3682 Audi,
647 3622 709 3684 qua
731 3604 840 3668 fraude
863 3606 983 3687 decepit
1005 3607 1121 3671 femina
1143 3607 1310 3688 sponsum!

577 3695 657 3773 ileu,
680 3697 757 3773 quot
779 3694 881 3757 adhuc
904 3700 1032 3775 regnant
1055 3695 1190 3775 qualibet
1213 3696 1290 3759 urbe
1313 3697 1414 3776 pares!

836 3835 973 3899 Fabula
996 3837 1031 3901 V.

534 3959 658 4026 Gaudia
681 3961 728 4023 vir
748 3959 847 4039 justus
871 3977 987 4024 conans
1010 3960 1141 4040 praelata
1165 3961 1283 4039 mereri,

478 4071 518 4120 mo
581 4049 680 4114 Dulce
702 4050 803 4114 solum
829 4049 942 4129 patriae
964 4048 1075 4113 deserit
1097 4053 1189 4128 atque
1211 4050 1344 4113 thorum.

536 4141 597 4204 Pro
621 4139 710 4204 venia
733 4143 846 4202 remeat
867 4137 907 4200 ad
930 4138 1024 4202 sancti
1048 4136 1155 4200 limina
1179 4138 1271 4214 Petri;

581 4230 663 4294 Huic
686 4234 824 4294 matrona
847 4227 904 4291 tuit
926 4227 1038 4304 sobria,
1063 4224 1168 4306 pulcra
1190 4225 1291 4287 nimis.

1566 782 1570 869 l
