3525 5025
824 493 1068 550 —tto—

775 670 826 728 32.
867 666 922 746 [=
945 666 1005 729 No.
1031 666 1114 747 255]

501 789 614 852 Audivi
637 789 677 854 de
700 789 834 871 quadam
863 790 991 854 muliere
1019 809 1080 870 que
1109 792 1356 870 conquerebatur
1380 809 1491 854 coram

412 877 515 959 iudice
536 878 577 942 de
597 877 711 958 iuvene
732 879 786 959 qui
809 878 846 958 ei,
878 884 911 942 ut
933 878 1059 956 dicebat,
1090 879 1265 942 violentiam
1290 880 1438 944 intulerat
1462 884 1494 942 et

414 967 510 1048 ipsam
534 973 736 1049 oppresserat
777 969 904 1048 Juvenis
926 973 1026 1031 autem
1051 969 1188 1048 negabat
1227 967 1288 1032 Cui
1311 969 1410 1049 judex
1433 969 1492 1032 a'it:

358 1073 400 1120 cro
417 1057 486 1122 »Da
513 1057 556 1119 illi
587 1057 694 1120 decem
726 1074 841 1121 marcas
871 1057 989 1137 argenti
1019 1061 1054 1119 ut
1075 1057 1238 1120 satisfacias
1268 1057 1308 1120 de
1338 1057 1493 1121 violentia

414 1163 507 1226 quam
530 1145 558 1210 ei
582 1145 738 1210 intulisti.t
776 1145 903 1220 Quibus
926 1146 1054 1226 receptis
1077 1146 1128 1208 illa
1151 1145 1290 1226 gaudens
1314 1147 1491 1210 recedebat.

413 1235 502 1298 Tunc
521 1234 616 1314 iudex
630 1235 672 1298 ait
685 1235 803 1315 iuveni:
830 1234 985 1315 „Sequere
1000 1253 1066 1298 eam
1084 1240 1113 1298 et
1127 1235 1214 1299 auter
1228 1234 1271 1298 illi
1287 1237 1488 1316 pecuniam«

415 1323 466 1387 llla
488 1341 564 1387 vero
586 1323 666 1404 cepit
688 1324 806 1389 fortiter
828 1323 966 1388 resistere
989 1330 1019 1388 et
1040 1324 1170 1389 clamare
1194 1324 1234 1386 ita
1255 1324 1350 1404 quod,
1382 1325 1490 1388 homi-

414 1413 507 1476 nibus
528 1413 764 1492 accurrentibus,
787 1413 908 1492 juvenis
924 1431 987 1476 non
1003 1413 1098 1476 valuit
1113 1413 1155 1476 illi
1177 1414 1337 1494 pecuniam
1353 1413 1491 1477 auterre.

358 1517 401 1564 uo
415 1500 497 1564 Cum
520 1506 621 1565 autem
650 1501 772 1582 iuvenis
794 1506 824 1565 et
853 1500 965 1565 mulier
992 1501 1217 1566 adducerentur
1239 1507 1307 1566 ante
1336 1502 1490 1582 jndicem,

295 1643 302 1654 .
413 1590 490 1653 dixit
510 1590 618 1670 iudex:
651 1591 784 1656 „Mulier
806 1591 882 1672 quid
912 1591 1014 1668 habes,
1046 1591 1121 1671 quid
1151 1592 1235 1672 petis,
1267 1609 1360 1670 quare
1385 1591 1490 1656 modo

414 1679 454 1742 ita
476 1679 593 1742 fortiter
615 1679 808 1744 clamabastu
846 1680 906 1743 Cui
923 1681 986 1742 illa:
1013 1679 1178 1758 „Domine
1202 1680 1274 1760 quia
1290 1680 1345 1743 iste
1359 1679 1491 1744 volebat

414 1767 490 1830 mihi
521 1769 700 1848 peccuniam
729 1769 849 1832 auterre
871 1768 926 1832 sed
957 1787 1017 1848 ego
1040 1769 1157 1832 fortiter
1187 1769 1279 1832 restiti
1302 1773 1332 1831 et
1353 1769 1488 1832 clamavi

414 1857 454 1919 ita
490 1857 577 1936 quod
617 1874 680 1921 non
719 1858 818 1938 potuit
856 1858 1039 1938 prevalere«
1102 1857 1164 1921 Cui
1201 1857 1308 1937 judex:
1354 1857 1489 1926 „uenae

358 1964 401 2010 ouo
416 1946 576 2026 pecuniam
599 1946 712 2026 juveni,
743 1947 875 2010 sienim
905 1947 991 2027 prius
1014 1948 1053 2009 ita
1079 1947 1199 2009 fortiter
1228 1964 1431 2027 repugnasses
1457 1951 1489 2010 et

414 2035 567 2112 clamares,
601 2053 760 2116 nunquam
791 2037 969 2116 opprimere
1002 2040 1031 2098 te
1062 2035 1216 2116 potuisset,
1254 2036 1308 2099 sed
1344 2040 1375 2098 tu
1412 2035 1488 2116 plus
1610 2077 1611 2102 r

414 2124 518 2204 diligis
540 2124 702 2206 pecuniam
726 2143 818 2206 quam
842 2125 1034 2188 castitatem.¹⁴
1078 2126 1113 2187 lit
1135 2124 1175 2187 ita
1196 2124 1317 2205 juvenis
1340 2142 1358 2186 a
1380 2123 1487 2203 judice

413 2231 484 2276 cum
509 2213 639 2295 pecunia
661 2215 792 2278 recessit.

774 2398 825 2457 ss.
867 2391 920 2471 [=
945 2392 1006 2454 uo.
1032 2391 1116 2471 aaa]

504 2532 681 2615 Aliquando
703 2539 805 2597 autem
836 2535 985 2598 demones
1014 2539 1133 2615 peccata
1164 2535 1327 2597 hominum
1352 2552 1487 2614 cognos-
1610 2584 1611 2591 ,

360 2638 401 2687 ouo
416 2627 516 2687 centes
538 2627 681 2687 accusant
702 2641 757 2687 eos
778 2629 812 2688 ut
833 2623 924 2687 morti
941 2623 1105 2701 tradantur,
1128 2628 1158 2686 et
1172 2624 1303 2704 spatium
1320 2623 1488 2703 penitentie

416 2730 479 2775 non
495 2716 735 2792 consequantur;
760 2713 843 2776 unde
857 2712 962 2775 audivi
983 2712 1069 2793 quod
1086 2712 1219 2793 quedam
1236 2712 1324 2775 valde
1341 2712 1487 2793 religiosa
1610 2790 1611 2793 Ἴ

415 2800 574 2882 quondam
609 2805 672 2864 erat
706 2800 738 2863 in
769 2802 885 2866 civitate
917 2800 1067 2880 Romana,
1098 2819 1160 2882 que
1190 2802 1351 2882 parvulum
1384 2801 1486 2864 lilium
1610 2802 1611 2883 l

415 2890 540 2967 habens,
564 2908 686 2971 semper
708 2889 795 2953 illum
818 2908 923 2954 secum
941 2890 971 2953 in
996 2891 1072 2953 lecto
1097 2896 1185 2956 nocte
1209 2891 1343 2971 ponebat
1366 2908 1486 2971 quous·

416 2997 478 3060 que
507 2979 629 3043 adultus
663 2979 782 3055 luisset;
814 2979 898 3042 unde
929 2979 1089 3060 dyabolica
1120 2980 1317 3060 suggestione
1349 2980 1486 3058 quadam
1610 2976 1611 3061 l

360 3083 402 3129 oso
417 3073 505 3131 nocte
527 3068 636 3132 accidit
658 3068 744 3148 quod
769 3073 864 3132 mater
878 3087 915 3131 ex
932 3068 1060 3148 proprio
1082 3068 1148 3131 tilio
1172 3068 1318 3149 concepit
1358 3067 1488 3131 Timens
1610 3102 1611 3147 p

415 3161 516 3220 autem
540 3156 693 3239 dyabolus
724 3175 763 3219 ne
790 3158 945 3237 peniteret,
975 3175 1014 3220 eo
1044 3156 1130 3237 quod
1159 3158 1270 3221 multas
1299 3156 1488 3221 elemosinas
1610 3192 1611 3201 κ

415 3246 550 3323 iaciebat,
585 3251 615 3310 et
647 3247 767 3310 Beatam
799 3246 958 3326 Virginem
991 3246 1167 3326 frequenter
1200 3245 1354 3322 salutabat,
1390 3250 1486 3309 trans

415 3335 559 3415 figuravit
580 3352 614 3399 se
637 3336 668 3398 in
692 3335 825 3416 speciem
849 3336 983 3413 scolaris,
1007 3339 1035 3397 et
1056 3335 1183 3398 veniens
1205 3334 1244 3398 ad
1269 3335 1485 3415 imperatorem
1610 3334 1611 3385 3

417 3424 601 3503 Romanum,
624 3425 677 3487 ait:
704 3425 869 3503 „Domine
893 3442 952 3504 ego
972 3441 1041 3487 sum
1066 3423 1266 3505 peritissimus
1288 3427 1487 3487 astronomus
1610 3452 1611 3487 r

361 3526 403 3573 oso
417 3514 457 3575 ita
472 3512 558 3593 quod
580 3531 739 3593 nunquam
754 3513 857 3589 tallor;
881 3514 945 3576 scio
961 3513 1063 3576 futura
1083 3512 1246 3593 predicere,
1270 3513 1349 3575 furta
1365 3512 1487 3575 latentia

416 3602 557 3680 revelare,
582 3607 611 3664 et
634 3604 728 3666 multa
751 3603 809 3666 alia
832 3603 913 3680 novi,
937 3620 999 3682 que
1014 3606 1096 3665 certo
1119 3602 1329 3683 experimento
1352 3618 1486 3681 cognos-

416 3710 483 3755 cere
507 3693 651 3771 poteritis,
682 3693 782 3755 sime
809 3692 848 3755 de
875 3692 990 3755 familia
1012 3696 1110 3754 vestra
1138 3689 1267 3754 retinere
1294 3690 1483 3754 volueritis!

418 3781 584 3861 Imperator
605 3785 706 3844 autem
730 3780 864 3862 suscepit
886 3799 956 3844 eum
972 3779 1120 3860 gaudens,
1143 3784 1173 3843 et
1188 3778 1238 3843 illc
1253 3779 1333 3859 cepit
1347 3779 1373 3841 ei
1391 3778 1488 3842 multa

418 3887 488 3933 vera
512 3869 676 3950 predicere,
700 3874 729 3933 et
750 3870 831 3933 turta
849 3869 1029 3934 abscondita
1052 3870 1193 3947 revelare,
1217 3868 1256 3931 ita
1279 3867 1365 3947 quod
1389 3868 1486 3948 impe-

361 3963 500 4021 curator
522 3958 549 4022 ci
573 3976 628 4038 per
651 3958 756 4021 omnia
778 3957 928 4034 credebat,
952 3962 981 4020 et
1004 3958 1104 4039 ipsum
1129 3975 1184 4040 pre
1206 3956 1353 4019 omnibus
1375 3956 1487 4019 famili-

416 4047 521 4110 aribus
564 4046 742 4109 honorabat.
804 4045 948 4120 Quadam
987 4052 1088 4129 autem
1130 4046 1181 4110 dic
1217 4046 1259 4108 ait
1295 4044 1485 4125 imperatori:

419 4134 584 4211 „Domine
615 4133 729 4196 mirum
757 4138 802 4198 est
832 4134 918 4213 quod
950 4134 1054 4197 civitas
1084 4135 1140 4197 ista
1169 4152 1232 4197 non
1263 4133 1488 4197 absorbetura

415 4227 508 4292 terra;
539 4220 671 4297 quedam
695 4221 778 4279 enim
806 4218 991 4280 detestabilis
1020 4221 1131 4281 mulier
1153 4226 1199 4283 est
1221 4222 1253 4283 in
1278 4222 1335 4300 illa,
1363 4239 1424 4301 que
1449 4241 1487 4285 ex
