3525 5025
832 499 1077 560 -158-

423 692 513 738 meus
543 673 583 736 iu
611 678 731 738 cantare
752 673 898 738 solebat¹⁴
948 673 1023 748 Quo
1046 674 1162 752 audito,
1192 675 1337 739 sacerdos
1366 675 1490 738 erubuit

422 768 452 826 et
473 764 557 827 unde
580 763 696 844 putavit
717 780 750 826 se
774 767 929 843 reporbre
945 763 1067 826 laudern
1083 764 1300 828 confusionem
1317 765 1490 844 reportavit

808 911 837 968 9.
879 904 933 984 [=
957 905 1016 968 No.
1042 904 1104 985 62.]

513 1029 673 1093 Demones
694 1027 848 1108 siquidem
864 1030 1071 1092 assimilantur
1085 1028 1264 1093 satellitibus
1280 1029 1336 1092 viri
1358 1030 1490 1110 potentis

422 1119 485 1199 qui,
508 1136 579 1182 cum
602 1117 749 1182 ducerent
777 1118 937 1182 bominem
966 1119 1004 1182 ad
1028 1117 1241 1199 suspendium,
1271 1119 1426 1182 uenientes
1447 1118 1489 1182 ad

368 1225 410 1272 ru
422 1208 530 1272 silvam
553 1207 697 1270 dixerunt
718 1206 775 1270 illi:
808 1205 961 1287 ‚Oportet
987 1206 1073 1287 quod
1104 1207 1331 1287 suspendamus
1358 1212 1387 1270 te
1412 1207 1492 1271 sicut

423 1297 594 1378 injunctum
628 1300 673 1358 est
707 1295 807 1373 nobis,
845 1296 900 1358 sed
936 1296 1014 1360 hanc
1048 1296 1177 1360 iacimus
1211 1296 1337 1374 gratiam
1373 1301 1413 1374 ut,
1450 1316 1491 1360 ex

422 1385 571 1450 omnibus
592 1384 757 1449 arboribus
784 1385 878 1465 hujus
904 1385 988 1462 silve,
1019 1385 1114 1465 eligas
1144 1385 1198 1448 tibi
1228 1385 1363 1465 aliquam
1396 1404 1489 1466 quarn

423 1474 567 1538 malueris
597 1478 630 1536 ut
660 1474 691 1536 in
724 1473 776 1536 illa
811 1473 1019 1554 suspendaris,
1058 1473 1168 1538 multas
1205 1475 1288 1537 enim
1319 1476 1439 1555 pulcras
1461 1479 1492 1538 et

423 1581 565 1645 proceras
599 1562 749 1639 invenias,
787 1580 849 1641 que
882 1567 913 1626 te
946 1564 1026 1627 bene
1063 1563 1276 1627 sustentabunt
1309 1569 1339 1628 ct
1377 1565 1492 1645 poteris

369 1671 409 1718 rto
424 1652 596 1718 honorifice
628 1650 804 1733 suspendi.t
865 1651 947 1715 Cum
986 1657 1086 1716 autem
1125 1652 1273 1716 ducerent
1310 1653 1396 1715 illum
1435 1671 1492 1733 per

422 1741 558 1804 diversas
580 1741 707 1804 arbores
722 1740 875 1804 dicebant:
902 1741 1024 1806 „Placet
1046 1740 1100 1803 tibi
1120 1741 1214 1804 arbor
1237 1741 1333 1805 ista?a
1371 1741 1412 1804 At
1426 1741 1491 1804 ille:

425 1829 518 1894 »Non
550 1829 646 1911 placet
676 1829 761 1908 mihi,
793 1829 824 1892 in
856 1829 912 1894 ista
936 1830 1010 1894 nolo
1040 1829 1216 1910 suspendia
1267 1831 1303 1892 lit
1333 1849 1404 1893 cum
1437 1848 1492 1910 per

422 1935 533 1982 omnes
554 1919 710 1982 transisset
732 1937 903 1999 numquam
921 1919 1058 1982 invenire
1077 1918 1176 1999 potuit
1198 1937 1291 1999 quam
1315 1923 1491 2002 acceptaret

800 2068 849 2124 1ο.
888 2060 942 2140 [--
966 2060 1026 2124 Νο.
1052 2061 1114 2141 ot]

511 2183 624 2247 Audivi
648 2184 687 2247 de
710 2183 847 2264 quodam
876 2203 1011 2265 paupere
1039 2185 1115 2248 laico
1138 2184 1202 2265 qui,
1233 2185 1367 2267 propriis
1394 2186 1491 2249 mani-

369 2292 410 2339 rro
424 2275 484 2338 bus
514 2272 693 2349 laborando,
727 2271 839 2336 victum
870 2277 994 2337 tenuem
1027 2274 1112 2337 omni
1143 2273 1195 2336 die
1224 2273 1283 2337 sibi
1306 2274 1491 2354 acquirebat,

424 2381 479 2426 nec
517 2362 544 2425 ei
583 2361 746 2442 plusquam
789 2366 909 2425 cenaret
948 2363 1113 2443 quicquam
1156 2363 1339 2426 remanebat
1393 2363 1492 2427 Omni

424 2456 513 2516 nocte
543 2452 721 2533 priusquam
753 2449 903 2515 dormiret
932 2451 1063 2515 multum
1102 2451 1240 2515 cantabat
1277 2455 1306 2515 et
1343 2452 1493 2516 letabatur
1596 2449 1597 2456 ’

423 2543 455 2605 in
482 2541 607 2621 tugurio
636 2559 694 2604 suo
721 2559 792 2605 cum
821 2559 918 2605 uxore
948 2559 1012 2619 sua,
1043 2546 1072 2604 ct
1099 2544 1169 2622 post
1195 2541 1326 2605 modum
1355 2542 1435 2605 letus
1464 2547 1495 2607 et

422 2648 549 2696 securus
571 2630 751 2694 dormiebat
789 2629 933 2693 Cantabit
962 2648 1077 2693 vacuus
1107 2647 1211 2694 coram
1242 2631 1358 2695 latrone
1384 2632 1492 2695 viator.

370 2739 410 2785 rao
424 2719 522 2785 Vicini
546 2724 647 2782 autem
671 2718 745 2798 ejus,
769 2719 822 2799 qui
843 2718 952 2782 divites
967 2724 1060 2799 crant,
1084 2736 1243 2799 nunquam
1260 2720 1422 2783 cantabant
1437 2720 1493 2785 sed

422 2827 544 2890 semper
567 2808 597 2871 in
629 2807 711 2871 curis
739 2812 769 2870 ct
798 2808 1066 2886 sollicitudinibus,
1097 2808 1129 2870 in
1160 2808 1270 2872 timore
1295 2813 1325 2872 ct
1350 2810 1494 2889 angustia

423 2899 650 2979 permanebant.
697 2896 779 2960 Cum
802 2901 904 2960 autem
928 2897 968 2961 de
991 2902 1074 2961 tanto
1102 2897 1219 2977 gaudio
1241 2898 1324 2961 illius
1346 2898 1494 2979 pauperis

423 2987 605 3050 mirarentur
627 2990 657 3049 ct
678 2984 805 3066 quidam
830 2990 1057 3049 murmurarent
1075 2990 1103 3049 ct
1126 2991 1389 3067 conquererentur
1403 2988 1493 3068 quod

423 3094 540 3157 pauper
562 3075 621 3153 ille,
652 3074 727 3137 dum
752 3080 891 3152 cantaret,
922 3092 985 3139 non
1015 3076 1128 3139 sineret
1158 3093 1214 3140 eos
1241 3075 1384 3152 dormire,
1415 3077 1494 3140 dixit

370 3183 410 3230 rao
424 3165 550 3246 quidam
581 3164 670 3227 ualde
700 3163 788 3227 diues
814 3164 921 3227 vicinis
948 3164 1026 3227 suis:
1060 3164 1143 3229 „uos
1172 3164 1294 3229 nescitis
1324 3164 1493 3245 quicquam

423 3273 480 3317 nec
502 3253 648 3334 cogitatis,
678 3272 738 3333 ego
769 3253 895 3317 reddam
920 3270 991 3316 eum
1019 3254 1109 3318 talem
1141 3253 1229 3334 quod
1260 3272 1317 3317 nec
1344 3254 1495 3333 gaudebit

424 3362 481 3406 nec
502 3342 643 3406 cantandi
660 3342 785 3407 babebit
799 3343 1017 3407 voluntatens·
1045 3343 1141 3418 Tunc,
1166 3342 1359 3424 presentibus
1382 3343 1495 3409 vicinis

423 3450 504 3513 quos
533 3431 736 3496 absconderat
775 3432 807 3495 in
842 3430 979 3512 quodam
1011 3431 1081 3496 loco
1111 3435 1145 3494 ut
1174 3432 1314 3495 viderent
1343 3436 1372 3495 et
1401 3435 1494 3499 testes

423 3524 531 3599 essent,
556 3521 683 3601 projecit
704 3521 859 3585 sacculum
882 3539 954 3583 cum
979 3521 1109 3602 pecunia
1122 3526 1193 3585 ante
1208 3520 1320 3585 ostium
1338 3522 1493 3603 pauperis,

370 3628 409 3674 ruo
425 3611 476 3674 illa
498 3610 575 3675 hora
598 3628 660 3691 qua
689 3611 807 3675 solebat
836 3610 919 3674 exire
942 3615 975 3673 ut
997 3610 1110 3673 victum
1141 3614 1283 3690 quereret
1309 3627 1346 3673 ex
1376 3609 1493 3675 labore.

421 3701 548 3763 inventa
570 3705 671 3765 autem
703 3699 840 3781 pecunia,
873 3716 1014 3762 reversus
1043 3702 1089 3763 est
1118 3698 1149 3762 in
1180 3699 1310 3762 domum
1341 3716 1430 3762 suam
1466 3706 1495 3765 et

423 3789 586 3853 abscondit
609 3788 700 3854 illam.
740 3788 921 3852 lmminente
943 3792 1044 3851 autem
1069 3793 1167 3867 nocte,
1190 3786 1270 3868 cepit
1291 3786 1401 3851 anxius
1424 3807 1493 3853 esse

423 3883 452 3941 et
474 3877 630 3956 sollicitus,
663 3897 701 3941 ex
723 3896 785 3941 una
815 3884 899 3959 parte
929 3882 1069 3941 metuens
1099 3895 1138 3941 ne
1166 3878 1297 3940 latrones
1328 3878 1491 3957 pecuniam

424 3967 603 4044 iurarenlur,
626 3966 737 4030 exalia
753 3971 837 4048 parte
851 3965 1023 4031 formidans
1038 3966 1062 4030 si
1079 3966 1119 4030 de
1135 3964 1264 4047 pecunia
1280 3965 1493 4047 possessiones

370 4071 410 4118 rm
425 4059 538 4118 emeret
564 4059 594 4117 et
620 4054 730 4117 melius
759 4056 851 4119 solito
881 4073 915 4119 se
945 4052 1085 4118 indueret
1116 4055 1155 4119 ab
1183 4054 1238 4117 illo
1268 4053 1321 4134 qui
1350 4055 1494 4119 amiserat

424 4142 585 4221 pecuniam
625 4143 670 4204 vel
700 4160 720 4205 a
757 4143 888 4206 domino
926 4148 1004 4206 terre
1041 4142 1322 4223 deprehenderetur
1352 4146 1382 4206 et
1419 4144 1491 4209 iurti

425 4232 611 4303 argueretur.
658 4229 689 4287 ln
725 4228 782 4287 hac
815 4245 892 4303 ergo
925 4228 1109 4304 cogitatione
1139 4235 1168 4293 et
1202 4230 1319 4294 mentis·
1343 4232 1492 4297 anxietate
1594 4236 1595 4251 ¹
