3525 5025
770 542 1012 599 -t66—

358 711 461 775 nullus
483 713 522 777 ad
547 712 797 776 manducandum
821 714 868 776 vel
893 714 1064 778 bibendum
1089 713 1174 777 daret
1196 715 1239 777 illi
1261 715 1317 778 sed
1340 733 1426 778 com-

358 800 519 881 pelleretur
548 802 630 865 tame
661 803 748 878 mori,
780 820 860 866 uxor
890 803 957 883 ejus
987 804 1074 866 omni
1104 802 1155 867 die
1186 803 1363 883 ingrediens
1385 804 1424 867 ad

357 908 428 953 eum
452 890 491 954 de
515 890 649 953 mamilla
671 910 727 954 sua
757 893 882 955 latenter
904 892 1029 955 lactabat
1052 892 1163 972 ipsum.
1209 891 1291 955 Cum
1314 897 1425 971 autem,

358 983 428 1059 post
449 979 515 1043 dics
537 999 585 1057 xv,
609 985 749 1060 quereret
771 980 919 1044 dominus
942 981 967 1043 si
991 986 1131 1044 mortuus
1154 986 1233 1044 esset
1254 982 1351 1045 homo
1375 982 1425 1045 ille

303 1088 344 1134 rso
358 1073 388 1131 et
409 1068 525 1132 dictum
549 1073 627 1132 esset
650 1070 676 1133 ei
701 1070 787 1149 quod
818 1070 940 1146 viveret,
970 1070 1100 1133 credidit
1129 1069 1215 1150 quod
1245 1071 1358 1151 aliquis
1388 1091 1425 1135 ex
1467 1120 1470 1124 .

358 1158 454 1221 servis
476 1158 504 1221 ei
527 1158 566 1221 ad
591 1159 840 1222 manducandum
856 1158 998 1237 dedisset,
1021 1158 1106 1221 unde
1128 1159 1199 1223 fecit
1220 1158 1332 1223 adduci
1355 1164 1425 1223 ante

357 1265 390 1309 se
423 1251 455 1310 ut
487 1254 685 1325 cognosceret
714 1248 878 1311 veritatem.
926 1247 1064 1311 Tandem
1100 1248 1249 1311 dominus
1282 1250 1321 1311 ab
1356 1249 1425 1329 ipso

358 1340 543 1415 extorquens
566 1336 729 1415 veritatem,
753 1342 917 1417 postquam
934 1337 1082 1417 cognovit
1103 1338 1189 1417 quod
1212 1337 1324 1400 fecerat
1346 1355 1426 1401 uxor

358 1424 424 1504 ejus
447 1424 556 1501 tidelis,
586 1424 675 1488 valde
698 1430 873 1489 commotus
896 1430 941 1489 est
968 1430 998 1488 ct
1027 1431 1232 1506 compunctus
1259 1431 1289 1489 et
1310 1445 1425 1490 vocans

303 1531 344 1577 rau
359 1514 518 1577 mulierem
550 1513 683 1577 reddidit
704 1516 732 1577 ei
756 1515 896 1578 maritum
928 1532 1020 1578 suum
1051 1519 1178 1595 propter
1206 1515 1302 1578 iidem
1330 1533 1424 1595 quam

358 1602 464 1665 habuit
487 1654 494 1667 .
519 1651 525 1665 .
550 1651 587 1667 ..

717 1752 768 1809 26.
810 1745 864 1826 [ε.-
889 1747 949 1809 Νο.
975 1745 1060 1826 244.]

447 1868 584 1933 Ornatus
607 1870 772 1933 meretricis
795 1888 859 1933 non
888 1871 1017 1951 pertinet
1038 1870 1078 1933 ad
1102 1870 1289 1935 matrimonii
1313 1871 1424 1935 hones

357 1962 456 2035 tatem,
490 1958 545 2021 sed
577 1959 678 2021 incitat
704 1959 743 2021 ad
772 1959 939 2037 luxuriam,
974 1977 1036 2039 que
1067 1960 1155 2023 etiam
1186 1961 1254 2023 sine
1283 1960 1424 2024 exteriori

357 2048 524 2111 aminiculo
547 2065 640 2111 omne
664 2065 762 2127 genus
786 2048 949 2111 hominum
965 2048 1054 2111 valde
1070 2048 1198 2111 infestat.
1237 2050 1325 2112 Teste
1341 2050 1423 2112 enim

303 2154 344 2199 iro
355 2136 526 2215 jeronimo:
553 2136 684 2201 „Libido
708 2138 820 2201 terreas
844 2142 961 2200 mentes
983 2137 1119 2201 domat!
1155 2138 1248 2203 Unde
1271 2137 1331 2201 dici
1347 2139 1425 2202 solet

357 2225 443 2304 quod
468 2225 611 2288 diabolus
635 2244 747 2289 novem
770 2226 850 2290 filias
880 2226 987 2306 genuit
1009 2245 1047 2289 ex
1071 2244 1166 2289 uxore
1195 2227 1372 2307 turpissima
1395 2231 1425 2289 et

358 2316 615 2395 concupiscentia,
649 2334 710 2395 que
744 2316 832 2395 nigra
865 2320 911 2379 est
943 2314 1027 2378 velut
1060 2315 1153 2379 carbo
1188 2316 1337 2379 extinctus
1369 2334 1425 2396 per

358 2421 523 2482 pravorum
548 2403 772 2469 desideriorum
796 2404 1005 2481 adustionem,
1029 2404 1153 2467 fetidam
1175 2422 1231 2485 per
1254 2404 1424 2482 infamiam,
1483 2418 1488 2427 ·

357 2496 512 2572 turgentes
536 2494 652 2558 habens
675 2494 784 2558 oculos
811 2513 866 2575 per
889 2493 1064 2575 superbiam
1071 2516 1079 2570 ;
1110 2513 1219 2558 nasum
1243 2494 1373 2574 longum
1397 2499 1426 2558 et

303 2599 345 2645 us
359 2581 521 2646 distortum
552 2602 607 2663 per
638 2584 878 2646 machinationes
906 2589 935 2646 et
957 2582 1191 2646 adinventiones
1221 2584 1254 2646 in
1284 2584 1425 2663 peccatis;

363 2688 452 2734 aures
476 2689 602 2751 magnas
625 2678 654 2735 et
680 2672 798 2752 patulas
821 2691 878 2753 per
899 2673 1116 2750 curiositatem;
1147 2673 1276 2736 libenter
1296 2671 1426 2736 audiens

357 2778 420 2823 non
459 2761 561 2824 solum
597 2779 737 2824 rumores
771 2761 925 2838 vanitatis,
964 2760 1019 2824 sed
1064 2761 1158 2824 verba
1193 2762 1359 2841 iniquitatis
1396 2766 1426 2824 et

357 2848 563 2929 detractionis;
603 2869 713 2913 manus
746 2850 895 2913 admixtas
928 2869 983 2932 per
1014 2850 1205 2930 rapacitatem
1237 2855 1267 2913 et
1295 2851 1425 2914 avaricie

357 2939 543 3002 tenacitatem
550 2962 557 3015 ;
582 2940 661 3002 labia
684 2939 797 3002 hiantia
820 2944 849 3003 et
868 2957 905 3003 os
928 2939 1056 3002 letidum
1082 2957 1137 3020 per
1158 2939 1352 3002 immundam
1377 2940 1423 3002 vel

303 3046 344 3091 rso
358 3027 494 3107 iniquam
519 3029 744 3109 loquacitatem
776 3028 871 3108 pedes
899 3028 1054 3107 discretos,
1085 3027 1117 3090 id
1145 3032 1198 3105 est,
1228 3028 1355 3091 aflectus
1379 3029 1424 3091 in-

357 3119 559 3198 compositos,
584 3117 734 3180 mamillas
750 3135 885 3196 magnas,
901 3116 1043 3195 tumidas,
1060 3117 1237 3197 prurientes,
1261 3117 1423 3196 scabiosus,

357 3223 394 3266 ex
417 3224 547 3284 quarum
565 3224 627 3269 una
647 3207 790 3287 propinat
805 3207 912 3270 catulis
927 3206 993 3269 suis
1007 3224 1162 3269 venenum
1178 3206 1425 3286 concupiscentie

357 3295 493 3372 carnalis,
517 3313 554 3357 ex
576 3295 634 3358 alia
656 3299 781 3358 ventum
806 3295 964 3358 mundane
986 3295 1134 3358 vanitatis.
1174 3297 1217 3358 Ex
1241 3295 1301 3358 hiis
1322 3300 1423 3359 autem

357 3382 480 3446 filiabus
496 3388 565 3447 octo
578 3384 727 3447 maritavit
741 3384 867 3448 totidem
884 3385 1051 3464 generibus
1062 3384 1235 3463 bominum,
1250 3384 1423 3466 symoniam

304 3489 345 3536 aaa
360 3472 481 3552 prelatis
503 3477 533 3535 et
555 3474 683 3550 clericis,
714 3473 880 3554 ypocrisim
910 3474 1069 3536 monachis
1092 3477 1122 3536 et
1148 3473 1232 3537 talsis
1260 3473 1424 3553 religiosis,

359 3561 496 3640 rapinam
514 3561 674 3640 militibus,
691 3579 814 3625 usuram
829 3562 1049 3641 burgensibus,
1065 3562 1174 3625 dolum
1191 3562 1423 3640 mercatoribus;

357 3650 540 3729 sacrilegum
574 3652 725 3731 agricolis,
761 3652 814 3730 qui
849 3650 985 3715 decimas
1016 3651 1086 3714 Deo
1120 3655 1249 3714 sacratas
1283 3651 1425 3715 auferunt

357 3739 552 3802 ecclesiarum
576 3740 734 3815 ministris;
758 3740 863 3803 fictum
887 3740 1044 3803 servilium
1061 3741 1223 3820 operariis;
1247 3740 1422 3821 superbiam

357 3832 387 3890 et
408 3829 601 3909 superfluum
633 3830 771 3892 habitum
800 3828 991 3892 mulieribus
1037 3830 1160 3891 Nonam
1183 3829 1356 3906 autemid
1380 3834 1426 3892 est

303 3933 344 3978 ruo
359 3917 519 3997 luxuriam,
551 3918 626 3980 nulli
651 3918 747 3981 voluit
771 3917 912 3996 maritari,
942 3918 997 3981 sed
1027 3922 1172 3998 tanquam
1204 3919 1345 3981 meretrix
1368 3918 1424 3980 lm-

358 4007 456 4086 proba
478 4007 625 4070 omnibus
657 4007 823 4087 generibus
850 4007 1013 4070 hominum
1036 4025 1070 4070 se
1093 4006 1253 4088 prostituit,
1277 4007 1424 4070 omnibus

358 4095 569 4175 commiscens
593 4096 669 4159 nulli
693 4096 797 4176 generi
822 4096 986 4158 hominum
1003 4113 1138 4176 parcens.
1176 4097 1208 4158 ln
1224 4096 1321 4159 fetore
1341 4097 1423 4159 enim

358 4189 588 4265 unguentorum
612 4184 678 4264 ejus
700 4189 827 4248 currunt
850 4185 993 4248 homines
1012 4185 1123 4248 incauti
1139 4183 1178 4248 ad
1202 4185 1299 4266 ipsius
1315 4186 1424 4266 prosti-

358 4273 476 4351 bulum,
500 4278 644 4354 tanquam
668 4292 740 4337 aves
762 4274 801 4336 ad
818 4273 972 4354 laqueum,
996 4291 1100 4338 mures
1115 4275 1154 4336 ad
1171 4293 1302 4351 caseum,
1325 4275 1425 4355 pisces
