3525 5025
828 508 1071 569 —t52—

752 681 828 762 Cap.
855 687 916 747 193
943 679 1002 768 (Bl.
1029 685 1146 764 113ν.).

707 801 751 858 De
768 801 826 859 tilia
845 803 924 873 regis,
944 820 999 875 que
1017 805 1116 876 petiuit
1134 806 1192 862 tria.

510 956 537 1010 t.
562 948 631 1012 Erat
652 948 780 1029 quidam
804 967 864 1028 rex,
895 951 950 1030 qui
977 951 1072 1014 liliam
1104 952 1262 1033 pulchram
1292 954 1427 1018 habebat
1453 974 1489 1018 ac
1607 995 1608 1036 3

418 1037 593 1118 sapientem,
616 1055 710 1119 quam
734 1042 819 1118 pater
848 1040 989 1102 maritare
1010 1041 1140 1104 volebat.
1187 1042 1239 1104 llla
1267 1061 1342 1106 vero
1376 1050 1486 1107 uotum
1607 1093 1608 1118 1

418 1125 480 1190 deo
508 1126 586 1204 tecit,
616 1126 703 1208 quod
732 1144 903 1209 numquam
934 1129 1034 1192 virum
1065 1131 1220 1211 acciperet,
1253 1132 1312 1196 nisi
1346 1133 1400 1212 qui
1431 1133 1488 1196 tria
1607 1143 1608 1208 j

356 1219 610 1296 rsenperpetraret.
627 1214 768 1279 Primum
780 1221 851 1294 erat,
867 1217 954 1298 quod
970 1218 1083 1282 diceret
1098 1220 1249 1296 veraciter,
1264 1220 1351 1300 quod
1369 1222 1487 1302 pedum
1607 1219 1608 1258 ³

417 1309 518 1369 essent
532 1305 564 1368 in
582 1304 782 1385 longitudine,
807 1306 965 1370 latitudine
981 1307 1020 1370 Ν
1035 1308 1192 1372 elementa
1227 1309 1381 1387 Secundo,
1398 1311 1488 1391 quod

417 1397 545 1457 mutaret
574 1397 700 1458 ventum
730 1393 771 1458 ab
800 1395 948 1475 aquilone
977 1395 1008 1458 in
1041 1397 1201 1462 orientem.
1246 1398 1366 1477 Tercio,
1398 1400 1489 1480 quod

418 1483 521 1564 ignem
545 1487 678 1563 portaret
701 1482 732 1545 in
755 1483 875 1563 gremio
891 1484 958 1548 sine
981 1479 1097 1549 lesione
1120 1487 1202 1550 iuxta
1217 1487 1332 1550 nudam
1349 1505 1489 1552 onmem.

507 1579 537 1635 2.
562 1571 625 1641 Rex
655 1590 726 1635 cum
756 1572 817 1636 hoc
845 1573 992 1651 audisset,
1031 1574 1100 1638 lecit
1131 1575 1186 1638 ista
1214 1575 1270 1639 tria
1301 1592 1357 1657 per
1386 1581 1488 1640 totum
1607 1583 1608 1588 ’

356 1679 548 1742 rssnregnum
580 1660 742 1741 diuulgati,
780 1665 810 1724 et
839 1662 1029 1743 quicumque
1064 1663 1114 1726 illa
1145 1665 1200 1726 tria
1231 1664 1348 1744 iaceret,
1387 1666 1487 1729 tiliam

417 1750 484 1814 eius
506 1750 537 1812 in
562 1767 688 1814 uxorem
712 1750 846 1815 haberet
891 1751 980 1814 Multi
1003 1756 1104 1815 autem
1130 1757 1282 1816 venerunt
1303 1758 1333 1816 et
1355 1757 1488 1836 tempta-
1527 1793 1534 1810 ·
1607 1841 1608 1848 ἵ

417 1844 528 1902 uerunt
550 1839 606 1902 ista
629 1840 686 1903 ΙΙΙ·
708 1838 843 1919 implere,
866 1839 921 1903 sed
946 1840 1129 1904 deiecerunt

507 1933 535 1990 ³.
560 1929 629 1991 Erat
650 1932 724 1992 tunc
738 1927 865 2009 quidam
889 1929 1009 2010 mi-(Bl.
1028 1930 1177 2009 tttr.)les
1200 1931 1231 1994 in
1256 1931 1393 2013 partibus
1417 1932 1489 1995 lon-

417 2017 555 2097 ginquis;
578 2018 719 2096 quicum
743 2017 783 2081 de
806 2022 882 2082 uoto
905 2019 1007 2098 puelle
1029 2019 1155 2097 audiret,
1178 2019 1217 2083 ad
1234 2020 1385 2101 palacium
1403 2022 1489 2102 regis

355 2106 499 2174 mevenit
521 2104 638 2170 ducens
660 2123 765 2170 secum
781 2107 931 2170 famulum
948 2125 1044 2171 vnum
1070 2126 1107 2171 ac
1128 2127 1242 2189 eqvum
1265 2109 1487 2175 furibundum.

417 2195 465 2258 nd
489 2195 610 2258 unuam
636 2195 775 2276 pulsauit,
799 2201 833 2259 ut
855 2195 1013 2259 introitum
1038 2197 1169 2261 haberet.
1201 2198 1312 2262 ianitor
1327 2217 1397 2262 cum
1416 2199 1487 2263 eius

417 2284 581 2363 negocium
606 2284 807 2361 intellexisset
838 2284 941 2365 ipsum
970 2285 1147 2349 introduxit
1192 2286 1325 2350 Aulaum
1349 2287 1486 2367 intrauit,

416 2391 519 2452 regem
543 2378 573 2435 et
595 2372 729 2453 puellam
752 2378 782 2436 et
804 2391 913 2436 omnes
936 2374 1075 2437 sedentes
1103 2375 1134 2437 in
1159 2393 1265 2439 mensa
1286 2376 1358 2439 satis
1382 2377 1486 2440 hono-

416 2462 500 2526 rilice
529 2462 671 2526 salutauit
700 2466 730 2526 et
759 2463 831 2526 aitz·
856 2463 1014 2528 „Domine
1049 2463 1091 2527 mi
1127 2482 1186 2542 rex,
1225 2483 1294 2529 ecce
1330 2465 1369 2528 ad
1400 2467 1487 2547 pala-

354 2552 497 2620 rroncium
521 2555 609 2615 tuum
624 2552 695 2615 veni
711 2551 750 2614 ad
766 2553 969 2633 optinendum
994 2554 1089 2617 tiliam
1114 2558 1242 2617 vestram
1268 2555 1299 2617 in
1322 2572 1482 2619 uxorem.“

504 2648 534 2703 4.
556 2640 607 2703 llil
629 2659 694 2704 rex:
721 2641 799 2705 „Fac
820 2658 905 2721 ergo,
929 2642 1015 2722 quod
1039 2643 1254 2724 provulgatum
1279 2647 1331 2721 est
1354 2648 1384 2706 et
1405 2662 1488 2708 vxor

415 2734 466 2793 tua
489 2730 558 2793 erit!
595 2729 701 2793 Primo
723 2730 774 2792 dic
797 2730 898 2807 michi,
923 2731 1008 2810 quod
1033 2732 1127 2812 pedes
1151 2732 1263 2795 habent
1279 2732 1318 2795 Ν
1333 2732 1485 2796 elementa

416 2819 448 2881 in
464 2819 665 2899 longitudine,
682 2819 839 2882 latitudine
851 2823 880 2881 et
892 2819 1143 2900 profunditatem
1167 2820 1230 2896 Qui
1243 2821 1297 2885 ait:
1314 2821 1484 2901 „Domino

416 2908 514 2973 statim
550 2908 775 2989 respondebor*
826 2909 959 2973 Uocauit
991 2909 1142 2973 famulum
1177 2928 1268 2987 suum
1303 2914 1332 2973 et
1365 2910 1407 2973 ait
1441 2912 1485 2975 ei:

354 2998 510 3064 uoonCito
544 3015 637 3078 super
670 3000 780 3060 terram
815 2997 945 3060 iaceasu
1005 2997 1044 3060 At
1077 2998 1140 3061 ille:
1179 2999 1343 3077 „Domine
1379 3004 1485 3080 presto

416 3101 514 3150 sumt
563 3086 645 3150 Cum
668 3090 774 3149 autem.
792 3086 837 3149 sic
866 3086 1014 3164 iacuisset,
1045 3087 1133 3150 miles
1155 3106 1173 3150 a
1196 3088 1292 3169 capite
1322 3106 1420 3168 usque
1443 3090 1484 3153 ad

416 3176 510 3255 pedes
534 3194 647 3256 corpus
669 3193 761 3239 suum
786 3176 982 3238 mensurauit.
1015 3177 1085 3239 tioc
1108 3177 1186 3240 lacto
1209 3178 1250 3241 ait
1272 3178 1350 3257 regi:
1376 3178 1485 3257 „Ecce

416 3264 551 3342 domine,
576 3264 710 3345 primum
727 3269 772 3327 est
788 3265 961 3344 probatum.
996 3264 1097 3329 Crede
1113 3266 1215 3343 michi,
1239 3266 1270 3328 in
1287 3265 1485 3346 longitudine

416 3356 445 3414 et
467 3352 625 3416 latitudine
649 3354 687 3417 Ν
710 3354 932 3417 elementorum
965 3371 1028 3416 non
1056 3359 1128 3418 sunt
1158 3356 1216 3417 nisi
1240 3356 1292 3419 Vll
1317 3355 1418 3436 pedes,
1451 3356 1484 3419 in

354 3461 408 3507 mo
417 3441 624 3522 profunditate
659 3461 734 3507 vero
761 3443 812 3505 vix
841 3460 922 3507 vnus
953 3461 1007 3525 pes
1034 3462 1104 3507 cum
1128 3444 1295 3508 dimidiou
1342 3444 1394 3507 nit
1416 3462 1484 3509 rex:

418 3528 523 3603 „Quid
555 3530 652 3595 homo
681 3532 720 3594 ad
750 3532 789 3595 Ν
812 3531 1002 3595 elementa?¹¹
1051 3531 1115 3607 Qui
1147 3533 1318 3614 respondit:
1353 3534 1485 3613 rimmo,

414 3618 550 3681 domine
589 3619 703 3684 Omnis
726 3620 823 3685 homo
846 3621 1043 3702 componitur
1065 3640 1102 3685 ex
1128 3622 1166 3685 Ν
1190 3622 1354 3686 elementis.
1393 3622 1486 3686 Vnde

416 3706 542 3787 quando
565 3708 715 3771 famulum
739 3728 843 3773 meum
867 3711 1052 3790 mensuram,
1078 3712 1117 3775 Ν
1132 3712 1281 3775 elementa
1304 3713 1484 3775 mensuraui

416 3795 587 3860 secundum
611 3815 721 3860 omnes
743 3799 1000 3864 dimensisones.¹¹

356 3904 409 3951 1416
509 3887 536 3948 5.
565 3886 616 3949 nit
650 3904 715 3949 rex:
757 3887 875 3952 „Amen
909 3888 979 3953 dico
1010 3889 1078 3965 tibi,
1113 3889 1184 3952 satis
1214 3890 1293 3953 clare
1324 3888 1485 3953 declarasti

418 3975 502 4038 illud.
549 3976 610 4038 lam
642 3975 845 4055 procedamus
873 3975 913 4038 ad
943 3979 1129 4041 secundum!
1177 3979 1262 4041 Muta
1288 3981 1413 4041 ventum
1441 3980 1485 4043 ab

416 4063 561 4144 aquilone
592 4064 623 4127 in
655 4063 840 4127 orientem!t
889 4065 928 4128 Ar
958 4066 1021 4129 ille:
1058 4066 1222 4145 „Domine
1254 4066 1307 4129 liat
1337 4066 1485 4131 uoluntas

416 4156 501 4217 tua!¹¹
559 4153 663 4217 Statim
699 4151 775 4214 dixit
808 4152 927 4215 famulo
961 4172 1032 4217 suo:
1075 4154 1205 4219 „Adduc
1240 4155 1332 4219 michi
1367 4173 1483 4235 eqvum

417 4259 520 4303 meum
544 4240 784 4304 furibunduml¹¹
834 4238 916 4299 Cum
945 4244 1045 4300 autem
1075 4259 1146 4301 eum
1177 4243 1363 4322 adduxisset,
1396 4243 1486 4308 dedit
