3525 5025
836 498 1057 555 ..32-

420 670 581 734 fenestram
607 674 636 733 et
657 674 765 733 euntes
781 660 817 733 'et
839 669 1002 732 redeuntes
1029 669 1141 733 intente
1168 671 1294 751 aspexit.
1346 680 1373 735 4.
1406 670 1493 735 Haec
1576 635 1577 724 l

419 777 482 823 una
504 760 563 837 die,
587 776 684 840 quum
708 758 747 821 ad
771 758 933 822 fenestram
949 763 1047 837 staret,
1071 759 1148 821 vidit
1161 759 1317 839 quendam
1333 760 1491 839 iuvenem,

364 868 406 913 333
421 847 593 912 formosum
617 865 749 929 corpore
770 852 862 928 atque
880 847 964 911 facie
1004 847 1079 922 Quo
1094 848 1163 911 viso
1177 849 1276 911 statim
1292 866 1400 913 amore
1426 850 1493 929 eius

419 954 565 1001 succensa
593 941 646 1000 est
709 938 756 1015 lit,
790 936 868 1000 sicut
897 936 1085 1017 praedictum
1117 941 1162 1001 est
1190 938 1353 1016 custodita,
1389 938 1494 1019 coepit

419 1026 559 1107 cogitare,
591 1043 655 1106 quo
680 1026 776 1089 modo
799 1030 828 1089 et
850 1043 913 1105 qua
941 1030 1003 1089 arte
1035 1031 1138 1106 posset
1168 1025 1254 1106 loqui
1285 1045 1356 1090 curn
1387 1032 1493 1091 amato

418 1116 538 1197 juvene.
576 1115 616 1178 nt
638 1114 705 1196 ipsa
728 1115 818 1196 plena
841 1114 968 1194 ingenio
990 1133 1026 1177 33
1048 1115 1218 1194 dolositate,
1242 1116 1387 1196 cogitavit
1402 1116 1492 1196 quod

419 1204 519 1269 claves
552 1203 673 1268 domini
708 1204 755 1267 sui
790 1203 943 1266 furaretur
975 1203 1052 1266 dum
1083 1203 1245 1286 dormiret;
1280 1209 1310 1267 et
1343 1205 1384 1268 ita
1420 1206 1492 1286 egit.

365 1312 406 1359 333
423 1295 450 1357 5.
476 1294 560 1357 llaec
583 1310 656 1358 vero
673 1296 818 1357 consueta
833 1296 896 1355 erat
911 1310 1098 1373 unaquaque
1113 1297 1201 1357 nocte
1216 1293 1381 1357 dominum
1398 1312 1493 1358 suum

420 1384 495 1448 vino
518 1382 676 1460 inebriare,
701 1385 735 1446 ut
757 1400 795 1445 eo
818 1382 956 1445 securius
970 1381 1009 1443 ad
1025 1382 1159 1445 amicum
1179 1400 1271 1446 suum
1289 1388 1394 1463 posset
1409 1384 1494 1447 exire

420 1477 449 1535 et
470 1489 557 1535 suam
582 1472 769 1535 voluntatem
793 1470 923 1551 explere.
978 1470 1136 1535 Dominus
1158 1489 1245 1549 vero,
1279 1472 1362 1535 illius
1390 1473 1493 1553 philo

419 1560 556 1642 sophicis
577 1560 639 1639 jam
663 1559 791 1623 edoctus
814 1560 940 1623 monitis
962 1559 1030 1623 sine
1052 1560 1128 1624 dolo
1148 1560 1251 1623 nullos
1271 1578 1337 1624 esse
1353 1561 1494 1625 mulieris

419 1653 512 1725 actus,
536 1649 637 1730 coepit
660 1650 800 1729 cogitare,
824 1649 901 1729 quid
924 1666 980 1712 sua
1002 1649 1116 1729 conjux
1139 1654 1266 1713 strueret
1288 1649 1445 1730 frequenti
1467 1654 1494 1713 el

365 1756 407 1803 333
422 1739 600 1821 quotidiana
624 1738 787 1818 potatione.
837 1737 934 1812 Quod
959 1742 992 1801 ut
1013 1738 1073 1802 sub
1096 1738 1188 1801 oculo
1211 1742 1340 1819 poneret
1353 1756 1388 1802 se
1404 1740 1495 1803 finxit

421 1829 540 1892 ebrium
565 1844 639 1891 esse.
687 1832 715 1889 6.
739 1827 838 1907 Cuius
862 1827 905 1890 rei
928 1845 1007 1891 uxor
1028 1826 1122 1890 inscia
1145 1826 1281 1891 delecto
1305 1832 1395 1891 nocte
1419 1847 1495 1892 con·
1576 1893 1577 1900 ,

420 1935 551 1997 surgens
585 1916 716 1997 perrexit
749 1915 788 1979 ad
823 1916 937 1979 ostium
972 1915 1094 1994 domus,
1129 1920 1158 1979 et
1191 1920 1295 1996 aperto
1326 1917 1420 1980 exivit
1455 1917 1494 1980 ad
1576 1913 1577 1928 ¹

421 2006 553 2070 amicum
577 2024 678 2069 suum.
724 2005 779 2068 Vir
800 2010 901 2068 autem
933 2005 964 2067 in
992 2004 1114 2068 silentio
1142 2005 1240 2069 noctis
1261 2005 1396 2069 suaviter
1419 2024 1494 2070 con-

421 2113 552 2175 surgens
568 2096 650 2158 venit
664 2094 703 2157 ad
725 2095 846 2172 ostium,
870 2099 899 2157 et
913 2098 1052 2174 apertum
1070 2094 1193 2172 invenit
1217 2097 1246 2157 et
1259 2094 1358 2157 statim
1376 2095 1493 2172 clausit,

366 2204 407 2249 aao
423 2190 452 2248 et
480 2184 616 2247 aseendit
646 2182 685 2246 ad
717 2184 878 2246 fenestram
911 2183 1038 2261 domus,
1069 2183 1209 2263 stetitque
1239 2183 1295 2260 ibi,
1326 2183 1431 2248 donec
1463 2185 1494 2247 in

423 2273 546 2337 camisia
568 2290 623 2337 sua
640 2290 767 2336 uxorem
785 2275 983 2335 revertentem
1000 2271 1084 2334 vidit.
1116 2272 1206 2347 Quae
1221 2272 1351 2335 domum
1369 2272 1494 2337 rediens

422 2362 534 2426 ostium
559 2362 698 2443 pulsavit.
739 2362 805 2441 lpse
828 2378 902 2424 vero
926 2379 992 2424 earn
1017 2361 1096 2424 bene
1118 2360 1248 2424 audiens
1267 2366 1298 2423 ef
1316 2360 1435 2439 videns
1461 2382 1495 2425 ac

422 2452 447 2516 si
463 2451 592 2516 nesciret
608 2450 811 2532 interrogavit,
835 2450 906 2531 quis
922 2454 1007 2515 esset
1055 2455 1082 2513 l.
1105 2450 1146 2514 113
1165 2450 1231 2531 ipsa
1246 2451 1354 2532 culpae
1368 2452 1493 2515 veniam

422 2546 536 2622 petens,
565 2546 594 2604 et
617 2559 787 2622 numquam
811 2541 945 2621 amplius
971 2558 1004 2604 se
1032 2540 1108 2603 haec
1130 2540 1276 2604 facturam
1301 2541 1493 2620 promittens,

367 2629 551 2695 3333131131
575 2630 698 2712 profuit.
745 2630 804 2694 Sed
828 2629 875 2692 vir
898 2629 990 2693 iratus
1012 2629 1064 2707 ait,
1091 2629 1178 2709 quod
1202 2646 1268 2692 eam
1293 2629 1405 2692 intrare
1428 2648 1494 2694 non

423 2720 614 2801 permitteret,
630 2720 684 2784 sed
708 2737 799 2783 suum
824 2736 891 2782 esse
914 2723 947 2781 ut
962 2719 1023 2782 hoe
1037 2718 1101 2782 suis
1117 2718 1294 2798 parentibus
1310 2718 1494 2783 ostenderet.

422 2811 461 2872 Α3
491 2809 557 2891 ipsa
587 2810 685 2889 magis
714 2828 749 2872 33
779 2808 877 2888 magis
907 2807 1042 2871 clamans
1064 2807 1140 2869 dixit
1162 2807 1258 2887 quod,
1289 2807 1347 2870 nisi
1377 2808 1495 2871 ostium
1576 2816 1577 2823 ’

423 2899 537 2962 domus
557 2898 733 2976 recluderet,
757 2899 788 2960 in
813 2901 939 2979 puteum
963 2897 1017 2977 qui
1039 2896 1122 2976 juxta
1145 2895 1275 2961 domum
1299 2900 1362 2959 erat
1382 2897 1495 2974 saliret,

423 2992 452 3050 et
475 2988 514 3050 ita
536 2988 628 3051 vitam
649 2986 758 3064 finiret,
782 2987 889 3067 sicque
903 2986 943 3049 de
958 2990 1056 3049 morte
1072 3003 1127 3048 sua
1142 2985 1248 3049 amicis
1264 2989 1293 3048 et
1308 2985 1496 3066 propinquis

369 3094 409 3138 333
424 3076 488 3140 3313
504 3077 653 3139 rationem
670 3074 817 3138 redderet.
853 3075 967 3156 Spretis
984 3075 1076 3138 minis
1091 3073 1239 3138 dominus
1253 3091 1327 3139 suae
1347 3074 1496 3153 mulieris,

424 3164 534 3228 intrare
558 3181 621 3227 non
647 3163 791 3244 permisit.
839 3165 954 3228 Mulier
975 3182 1049 3227 vero
1073 3163 1252 3244 plena=arfe
1275 3167 1304 3226 et
1333 3162 1496 3227 calliditate

423 3253 533 3316 sumsit
555 3253 687 3334 lapidem
705 3270 799 3332 quem
823 3253 952 3333 projecit
973 3253 1005 3315 in
1030 3257 1156 3334 puteum
1181 3252 1238 3315 hac
1260 3252 1436 3328 intentione,
1462 3258 1496 3315 ut

423 3342 471 3404 vir
500 3359 576 3405 suus
607 3341 713 3405 audito
744 3341 847 3405 sonitu
878 3341 988 3422 lapidis
1019 3342 1050 3404 in
1081 3346 1207 3423 puteum
1236 3341 1352 3404 ruentis
1375 3346 1496 3421 putaret

423 3448 490 3494 sese
513 3431 544 3493 in
569 3435 695 3513 puteum
719 3429 873 3494 cecidisse.
922 3436 950 3493 8.
980 3431 1014 3493 El
1045 3433 1105 3494 hoc
1136 3434 1256 3512 peracto
1284 3429 1394 3493 mulier
1424 3435 1496 3510 post

369 3537 410 3583 333
425 3523 551 3600 puteum
580 3537 613 3584 se
639 3518 808 3584 abscondit.
853 3519 909 3584 Vir
931 3520 1062 3600 simplex
1088 3524 1179 3600 atque
1209 3519 1357 3600 insipiens
1387 3518 1495 3583 audito

424 3609 527 3673 sonitu
551 3609 661 3690 lapidis
685 3608 716 3671 in
741 3612 866 3689 puteum
892 3609 1008 3672 ruentis
1037 3627 1111 3672 mox
1140 3609 1180 3672 de
1210 3608 1307 3673 domo
1331 3608 1494 3688 egrediens

425 3698 513 3762 celeri
526 3716 617 3761 cursu
630 3698 669 3761 ad
683 3702 809 3777 puteum
826 3698 879 3760 ivit
895 3702 1005 3779 putans
1017 3716 1125 3761 verum
1138 3715 1212 3775 esse,
1229 3695 1316 3777 quod
1332 3697 1493 3760 mulierem

424 3786 571 3851 audiisset
585 3786 739 3851 cecidisse.
764 3787 876 3850 ltlulier
891 3804 965 3850 vero
982 3785 1091 3850 videns
1103 3789 1215 3852 ostium
1228 3785 1342 3850 domus
1353 3790 1493 3866 apertum

425 3881 454 3940 et
484 3894 547 3939 non
572 3875 666 3940 oblita
689 3893 761 3940 suae
784 3876 855 3939 artis
878 3876 999 3939 intravit
1021 3876 1165 3956 domum,
1197 3876 1383 3955 firmatoque
1413 3873 1493 3938 ostio

370 3983 411 4028 333
425 3965 562 4029 ascendit
595 3965 766 4029 fenestram.
820 3964 872 4027 llle
901 3969 1002 4027 autern
1033 3965 1142 4029 videns
1172 3983 1205 4030 se
1235 3981 1302 4028 3333
1330 3963 1492 4045 deceptum

425 4054 537 4134 inquil:
573 4054 738 4118 Omulier
768 4053 870 4131 fallax,
903 4054 994 4134 plena
1022 4057 1085 4116 arte
1109 4054 1248 4117 Diaboli!
1277 4051 1416 4133 permitte
1445 4070 1494 4115 me

426 4144 546 4226 intrare,
577 4148 607 4206 et
633 4142 787 4226 quidquid
816 4142 891 4204 mihi
914 4141 1010 4206 fecisti
1040 4141 1132 4219 foras,
1162 4161 1212 4205 me
1242 4140 1490 4204 condonaturum

425 4234 479 4296 tibi
503 4232 602 4296 crede.
634 4267 659 4276 -
695 4238 721 4295 9.
746 4233 784 4295 Α3
807 4232 857 4292 1113
880 4249 952 4292 eum
976 4230 1144 4306 increpans,
1168 4229 1355 4307 introituque
1378 4228 1492 4292 domus
