3525 5025
679 522 922 582 -151-

277 701 364 759 autem
393 696 593 760 introductus
624 697 739 775 luisset,
770 697 820 761 illa
843 697 978 760 bostium
1010 697 1117 761 clausit
1139 703 1168 760 et
1190 697 1244 761 ait:
1271 697 1335 762 „lbi

277 786 457 864 exspectabis,
487 804 661 866 quousque
684 790 804 867 tempus
828 786 975 862 habuero,
1006 787 1133 866 quando
1155 791 1184 850 te
1208 786 1337 851 liberare

276 869 407 952 possim?
421 874 568 938 Domina
591 876 646 938 ista
669 875 799 955 singulis
822 876 934 939 diebus
956 893 1028 938 eum
1052 875 1183 939 visitauit
1205 879 1235 939 et
1257 893 1336 957 pane

275 966 300 1023 et
317 980 391 1041 aqua
416 964 615 1027 sustentauit
662 964 715 1027 llle
744 982 819 1028 vero
848 965 954 1045 sepius
984 964 1011 1027 ei
1042 981 1147 1044 preces
1178 964 1333 1042 fundebat,

228 1056 302 1112 uuut
326 1069 393 1114 eum
421 1053 511 1116 abire
544 1053 720 1134 permitffil.
746 1053 936 1133 insumeret
981 1053 1022 1116 At
1043 1053 1108 1116 illa:
1144 1053 1234 1121 „Deo
1264 1071 1335 1117 meo

273 1157 373 1217 uoueo,
410 1143 502 1221 quod
540 1142 586 1205 ibi
619 1143 818 1222 exspectabis,
856 1142 960 1207 donec
992 1141 1141 1206 dominus
1175 1160 1262 1206 meus
1296 1141 1336 1205 de

175 1259 176 1266 ,
272 1227 444 1308 imperatore
459 1232 593 1295 venerit
633 1233 669 1294 Et
683 1237 756 1294 tunc
770 1232 893 1309 videbo,
917 1231 948 1294 in
973 1249 1037 1311 quo
1060 1235 1136 1296 statu
1161 1232 1199 1294 sit
1213 1231 1336 1294 camisia

272 1316 378 1381 domini
409 1321 504 1383 melu
567 1321 641 1383 Post
670 1320 727 1383 hec
756 1321 815 1384 cito
844 1319 1001 1384 secundus
1035 1320 1123 1384 miles
1157 1321 1289 1400 quesiuit
1318 1338 1336 1382 a

271 1409 449 1486 carpentario
474 1410 611 1473 eandem
635 1410 836 1489 questionem,
868 1427 964 1488 quare
986 1409 1109 1473 camisia
1132 1427 1187 1472 sua
1214 1409 1336 1473 locione

224 1509 327 1556 ramnum
355 1496 522 1577 indigeret.
570 1498 624 1561 llle
652 1516 726 1561 vero
758 1497 919 1579 respondit
941 1499 968 1561 ei
999 1499 1077 1562 sicut
1106 1499 1209 1578 primo
1239 1498 1334 1561 militi.

271 1583 352 1646 Miles
374 1586 431 1649 hec
454 1587 592 1650 audiens
614 1587 713 1650 statim
736 1586 775 1649 ad
791 1587 922 1651 domurn
947 1588 1013 1650 eius
1036 1587 1167 1668 perrexit
1190 1587 1334 1667 cogitans,

270 1674 424 1750 quomodo
448 1695 522 1738 eam
547 1675 694 1739 seducere
717 1680 828 1756 posset,
851 1675 938 1756 quod
962 1675 989 1738 ei
1013 1677 1204 1740 consentiret.
1238 1676 1335 1740 ltlulta

270 1763 409 1838 promisit.
451 1764 509 1827 llla
524 1783 600 1828 vero
615 1782 687 1828 cum
701 1765 888 1828 voluntatem
905 1765 972 1828 eius
993 1765 1126 1843 vidisset,
1150 1765 1181 1828 in
1206 1766 1334 1829 eandem

270 1867 411 1914 cameram
437 1873 514 1916 cum
540 1854 643 1934 priore
666 1871 736 1916 eum
762 1854 885 1917 inclusit
906 1873 942 1917 ac
965 1872 1043 1935 pane
1066 1857 1095 1917 et
1117 1872 1196 1934 aqua
1218 1858 1335 1918 sustem-

222 1939 342 2004 munit
400 1942 532 2005 Deinde
563 1943 647 2004 venit
677 1943 788 2006 tercius
818 1943 906 2006 miles
929 1947 958 2006 et
981 1943 1110 2006 undem
1142 1943 1333 2023 questionem

269 2032 505 2110 acarpentario
536 2032 677 2111 quesiuit.
724 2031 921 2112 Responsum
954 2035 1017 2095 erat
1047 2032 1074 2094 ei
1104 2031 1181 2096 sicut
1210 2033 1336 2096 duobus

270 2117 379 2193 primis.
412 2121 469 2183 llle
487 2138 562 2183 vero
577 2120 676 2183 statim
692 2122 731 2183 ad
748 2121 879 2184 domum
895 2121 962 2184 eius
986 2121 1117 2201 perrexit
1132 2126 1161 2185 et
1175 2121 1334 2184 dominam

270 2204 433 2287 solicitauit,
459 2212 494 2271 in
518 2213 666 2289 quantum
691 2210 798 2290 potuit
832 2209 893 2274 Sed
918 2209 1010 2273 nichil
1027 2211 1054 2272 ei
1070 2210 1172 2287 valuit,
1195 2215 1225 2273 et
1239 2210 1334 2274 eciam

271 2311 334 2356 eum
357 2314 430 2360 cum
456 2298 617 2379 prioribus
640 2298 770 2362 inclusit.
820 2299 869 2361 De
892 2298 956 2362 istis
986 2299 1134 2363 militibus
1157 2299 1335 2364 absentibus

223 2381 339 2447 ramlacta
367 2392 415 2449 est
450 2404 565 2466 magna
595 2388 770 2451 commocio
804 2387 835 2450 in
868 2388 966 2451 domo
998 2387 1199 2468 imperatoris.
1246 2388 1335 2451 Vnde

271 2477 334 2550 post
355 2474 414 2540 hec
438 2480 656 2541 consumatum
672 2481 717 2541 est
732 2477 881 2558 palacium
904 2477 1108 2559 imperatoris;
1131 2477 1336 2559 carpentarius

271 2579 337 2626 vero
359 2570 488 2647 accepta
504 2566 644 2629 mercede
667 2571 696 2629 et
719 2566 843 2629 licencia
865 2567 995 2630 domum
1021 2567 1161 2647 perrexit.
1199 2567 1336 2631 Domina

272 2668 347 2730 xero,
379 2673 462 2719 vxor
492 2655 567 2733 eius,
603 2673 666 2718 non
697 2656 856 2719 modicum
890 2657 1030 2737 gaudens
1060 2674 1130 2719 eum
1164 2656 1335 2720 honorilice

271 2742 378 2822 recepit
400 2749 432 2807 et
456 2744 496 2806 de
519 2748 596 2807 statu
619 2762 678 2808 suo
701 2744 843 2825 quesiuit.
883 2745 935 2807 llle
959 2745 1129 2825 respondit:
1156 2746 1259 2813 „Bene
1282 2764 1336 2826 per

224 2831 399 2894 memmiae«
453 2833 505 2896 llla
528 2851 604 2896 uero
634 2834 765 2914 respexit
795 2834 949 2897 camisiam
981 2834 1153 2914 uidensque
1175 2852 1243 2897 eam
1266 2834 1337 2899 satis

272 2921 416 2985 mundam
453 2922 509 2984 ait:
547 2922 749 2987 ‚Benedictus
783 2921 874 2986 deus!
929 2923 1063 3004 Apparet
1096 2924 1178 2987 enim
1215 2923 1246 2985 in
1281 2924 1336 2987 ista
1406 3002 1408 3011 ,

271 3009 398 3088 camisia,
430 3010 518 3090 quod
541 3029 628 3074 amor
658 3011 748 3074 durat
779 3012 938 3075 internos
966 3016 994 3075 et
1021 3017 1066 3075 est
1088 3011 1210 3075 dilectio
1234 3027 1331 3075 verax*

272 3093 331 3168 Qui
353 3100 409 3163 ait:
444 3100 637 3178 „Karissimq
668 3100 768 3163 dicam
798 3101 854 3164 tibi
883 3100 1020 3180 aliquod.
1066 3100 1148 3165 Cum
1177 3118 1274 3164 essem
1303 3101 1335 3164 in

170 3227 171 3230 =
271 3185 385 3262 palacio
425 3190 644 3267 construendo,
682 3195 833 3253 venerunt
870 3188 909 3253 ad
945 3208 995 3252 me
1031 3191 1067 3252 111
1101 3190 1218 3267 milites,
1256 3209 1336 3254 vnus

224 3280 339 3351 uupost
382 3277 497 3354 alium,
543 3283 572 3341 et
608 3278 648 3340 de
691 3278 814 3341 camisia
852 3296 921 3341 mea
966 3279 1158 3359 quesierunt,
1209 3280 1336 3359 quando

170 3423 171 3432 ,
272 3380 334 3427 eam
369 3384 495 3446 semper
529 3367 691 3430 candidam
726 3371 756 3430 et
789 3368 938 3431 mundam
973 3368 1123 3432 viderunt.
1178 3368 1228 3432 Eis
1262 3388 1336 3434 vero

170 3520 171 3541 χ
272 3455 423 3518 veritatem
455 3456 610 3536 respondi,
641 3460 670 3519 et
696 3457 736 3520 ab
765 3456 817 3519 illo
846 3457 897 3519 die
928 3462 1117 3520 recesserunt
1146 3463 1176 3521 et
1203 3459 1336 3539 amplius

170 3555 171 3572 ¹
272 3558 331 3604 non
355 3549 429 3609 sunt
451 3544 536 3607 uisi!¹
585 3545 625 3608 At
647 3545 712 3608 illa:
748 3546 817 3611 „De
840 3546 900 3609 illis
929 3546 1027 3610 tribus
1058 3546 1205 3611 militibus
1235 3547 1334 3611 dicam

271 3630 322 3693 tibi
356 3652 463 3715 pauca.
520 3634 580 3714 lpsi
610 3634 649 3697 ad
681 3653 730 3697 me
760 3639 917 3715 venerunt,
955 3654 1036 3699 vnus
1067 3640 1136 3717 post
1165 3636 1268 3713 alium,
1289 3641 1337 3699 'et

223 3722 367 3786 tammulta
401 3722 495 3786 michi
525 3724 740 3804 promiserunt,
775 3729 809 3786 ut
838 3724 883 3788 eis
917 3725 1134 3802 consentirem,
1169 3743 1230 3805 ego
1261 3744 1335 3789 vero

170 3818 172 3839 '¹
246 3812 467 3895 „perpendens
495 3830 634 3875 amorem
669 3817 756 3875 tuum
790 3813 877 3876 nolui
909 3813 953 3877 eis
985 3815 1165 3891 consentire,
1197 3813 1251 3877 sed
1281 3832 1336 3877 eos

273 3896 404 3965 inclusos
426 3905 516 3965 teneo
543 3901 575 3963 in
599 3902 732 3981 quadam
757 3920 875 3965 camera
899 3907 928 3965 et
958 3922 1036 3984 pane
1060 3906 1088 3965 et
1116 3919 1195 3982 aqua
1218 3906 1336 3965 susten·

170 4001 173 4046 1
272 3990 357 4051 brui.-
418 3989 636 4072 Carpentarius
672 3992 730 4054 bec
766 3990 896 4054 audiens
934 3992 1060 4071 gauisus
1092 3995 1137 4053 est
1170 3988 1258 4054 valde
1296 3989 1335 4052 de

273 4079 464 4144 constanticia
486 4080 590 4143 vxoris
613 4084 642 4142 et
663 4079 750 4160 quod
781 4080 891 4143 milites
921 4099 940 4143 a
968 4085 1064 4143 morte
1091 4078 1229 4142 saluauit.
1276 4079 1336 4140 Eos

224 4173 368 4231 uuautem
402 4168 487 4230 abire
522 4169 666 4249 permisit,
701 4173 730 4231 et
759 4169 854 4231 ambo
884 4169 915 4230 in
950 4186 1055 4231 amore
1089 4168 1139 4230 tali
1170 4183 1267 4245 vsque
1295 4165 1335 4227 ad

272 4254 361 4321 linem
386 4255 447 4319 vite
470 4262 711 4337 permanserunt
