3525 5025
690 518 937 576 -139-

298 692 418 770 quodam
447 691 506 767 die,
537 709 607 754 cum
640 690 717 771 pulli
748 690 906 753 ambulare
936 694 1082 771 poterant,
1113 690 1245 771 perrexit
1274 708 1345 754 cum

297 781 377 860 pullis
401 781 438 842 ad
468 779 669 860 spaciandum
701 784 784 841 extra
812 779 973 843 ciuitatem.
1019 778 1100 843 Cum
1131 797 1206 843 vero
1235 780 1347 845 absens

297 874 374 947 esset,
410 869 536 949 quidam
576 869 653 931 bufo
693 867 801 930 nidum
838 868 907 932 eius
944 868 1066 931 intrauit
1102 886 1138 931 ac
1175 870 1345 950 occupauit

247 957 415 1038 cssSerpens
448 976 519 1021 cum
552 957 613 1021 hoc
642 957 780 1033 vidisset,
815 958 919 1037 posuit
949 956 1077 1021 caudam
1112 958 1191 1021 ciros
1220 958 1345 1021 cordam

295 1065 426 1128 campane
448 1052 478 1109 et
500 1046 590 1109 traxit
611 1064 647 1109 ac
669 1046 810 1127 pulsauit,
833 1065 869 1110 ac
891 1046 917 1109 si
938 1047 1089 1109 diceretur
1110 1047 1151 1110 ab
1173 1065 1221 1110 ea:
1248 1046 1346 1111 „Des

293 1137 384 1214 cende,
408 1136 508 1212 iudex,
532 1140 561 1197 et
576 1136 624 1197 iac
639 1135 732 1198 michi
749 1136 906 1213 iusticiam,
930 1136 1002 1215 quia
1018 1135 1128 1199 iniuste
1144 1135 1221 1199 bulo
1238 1134 1345 1200 nidum

293 1244 383 1287 meum
406 1226 571 1306 occupatl‘
613 1223 708 1287 ludex
730 1242 801 1287 cum
817 1242 996 1305 campanam
1013 1224 1153 1301 audisset,
1177 1224 1346 1299 descendit:

293 1315 433 1377 neminem
457 1314 543 1391 vidit,
567 1314 677 1376 iterum
700 1312 845 1377 ascendit
882 1315 953 1377 Hoc
967 1313 1077 1377 videns
1099 1331 1226 1395 serpens
1241 1314 1346 1379 iterato

245 1404 423 1482 conpulsauit.
471 1405 539 1465 liec
573 1402 703 1465 audiens
737 1401 830 1465 iudex
864 1402 972 1466 iterum
1009 1402 1174 1481 descendit,
1213 1407 1242 1466 et
1274 1421 1344 1467 curn

292 1497 450 1572 serpentem
474 1492 601 1555 cordam
625 1491 743 1554 trahere
772 1491 898 1555 vidisset
920 1496 949 1555 et
980 1492 1129 1556 bufonem
1154 1491 1256 1556 locum
1280 1493 1347 1557 eius

291 1585 490 1662 occupantem,
520 1580 657 1643 ascendit
678 1585 708 1643 et
730 1584 827 1644 totum
860 1581 1035 1661 imperatori
1059 1581 1200 1644 narrauit.
1246 1581 1296 1644 Ait
1318 1583 1345 1645 ei

291 1669 456 1749 imperator:
484 1669 576 1735 „Cito
599 1668 751 1733 descende
774 1673 890 1733 elnon
914 1674 1030 1733 tantum
1048 1670 1196 1734 bufonem
1220 1669 1345 1751 expelle,

290 1760 336 1821 sed
357 1760 452 1823 eciam
477 1759 592 1833 occide,
624 1763 657 1821 ut
679 1776 806 1839 serpens
834 1759 937 1823 locum
961 1777 1052 1823 suum
1085 1759 1261 1823 rehabeatlt
1312 1761 1347 1823 Et

245 1848 329 1910 assic
347 1848 459 1911 tactum
483 1852 540 1926 est,
571 1865 699 1928 serpens
725 1865 799 1911 vero
829 1848 938 1911 nidum
966 1866 1057 1911 suurn
1082 1848 1227 1930 possedit.
1274 1848 1347 1913 Post

289 1936 338 2000 hec
358 1955 432 2001 vero
455 1955 517 1999 vna
540 1936 669 2014 dierum,
692 1954 762 1999 cum
787 1937 953 2018 imperator
968 1938 999 2000 in
1015 1942 1107 2001 stratu
1124 1956 1183 2001 suo
1200 1938 1346 2011 iacuisset,

288 2043 406 2107 serpens
429 2044 581 2089 cameram
612 2025 735 2088 intrauit
757 2031 945 2107 portansque
975 2027 1006 2089 in
1040 2046 1094 2091 ore
1123 2044 1182 2090 suo
1213 2027 1345 2107 lapidem

289 2134 420 2194 paruum.
454 2117 522 2178 liec
537 2114 674 2178 videntes
689 2116 770 2179 serui
794 2115 969 2195 imperatori
993 2116 1033 2180 de
1057 2116 1181 2180 introitu
1198 2117 1346 2197 serpentis

288 2205 449 2268 narrabant
496 2205 537 2266 At
563 2204 626 2266 ille:
660 2204 782 2269 „Nolite
810 2222 880 2267 eum
910 2205 1074 2286 impedire!
1122 2204 1227 2269 Credo
1250 2206 1345 2281 enim,

245 2294 366 2371 eoquod
396 2294 518 2356 nullum
554 2293 668 2356 malum
702 2292 793 2357 michi
825 2293 940 2357 laciatt
988 2294 1121 2375 Serpens
1151 2312 1224 2358 vero
1255 2312 1347 2375 super

288 2382 390 2445 lectum
414 2384 482 2446 eius
505 2381 641 2445 ascendit
662 2385 692 2445 et
713 2401 746 2446 se
768 2381 808 2444 ad
832 2382 940 2445 taciem
963 2400 1050 2447 suam
1075 2384 1217 2465 porrexit.
1264 2383 1344 2448 Cum

287 2490 353 2536 vero
375 2472 415 2536 ad
439 2471 566 2536 occulos
581 2472 647 2536 eius
662 2471 801 2549 venisset,
826 2471 958 2553 lapidem
983 2490 1076 2555 super
1099 2473 1224 2537 occulos
1239 2472 1346 2537 cadere

287 2563 416 2640 permisit
445 2565 475 2624 et
504 2560 603 2624 statim
633 2561 735 2624 exiult
786 2561 868 2625 Cum
900 2581 974 2626 vero
1005 2563 1081 2644 lapis
1112 2562 1192 2626 duos
1222 2563 1346 2626 occulos

288 2651 348 2714 eius
369 2652 522 2731 tetigisset,
547 2650 711 2731 imperator
733 2651 848 2713 clarum
872 2651 973 2714 visum
998 2651 1118 2733 recepit
1149 2652 1221 2716 Non
1246 2651 1346 2715 modi-

245 2752 352 2800 oscum
375 2740 516 2820 gaudens
538 2744 709 2820 serpentem
733 2739 847 2819 requiri
868 2740 945 2817 lecit,
969 2741 1022 2804 sed
1048 2745 1171 2805 nonest
1195 2741 1346 2805 inuentus.

291 2826 335 2891 llle
356 2847 437 2906 vero,
462 2829 611 2908 quamdiu
634 2829 715 2907 vixit,
739 2828 871 2909 lapidem
896 2847 1000 2893 secum
1017 2830 1182 2894 custodiuit
1204 2835 1233 2893 et
1255 2831 1346 2894 sicin

290 2935 355 2994 pace
376 2919 467 2981 vitam
492 2917 609 2981 liniuel.

631 3113 705 3196 cap.
733 3117 793 3178 159
819 3115 879 3192 (at.
905 3117 997 3194 arc).

504 3234 547 3290 De
565 3234 660 3303 milite,
679 3250 763 3306 quem
784 3236 828 3292 leo
847 3235 975 3292 liberauit
992 3253 1008 3292 a
1027 3239 1124 3292 morte.

368 3363 505 3439 Qvidam
537 3363 625 3427 miles
655 3369 725 3443 erat,
757 3365 809 3445 qui
842 3383 937 3444 super
960 3366 1065 3428 omnia
1095 3367 1199 3430 venari
1232 3367 1345 3429 dilexit.

286 3451 396 3517 Accidit
431 3453 482 3515 die
516 3471 588 3531 vna,
626 3454 725 3533 quod,
763 3473 834 3517 cum
870 3454 909 3517 ad
946 3455 1121 3518 uenandum
1159 3456 1346 3537 perrexisset,

244 3554 276 3599 uo
288 3543 413 3604 occurrit
444 3541 471 3604 ei
503 3542 552 3605 leo
579 3542 761 3621 claudicans,
779 3544 849 3624 'qui
881 3544 992 3624 pedem
1023 3562 1114 3607 suurn
1146 3546 1173 3608 ei
1204 3545 1345 3608 ostendit.

287 3630 370 3694 Miles
392 3649 468 3694 vero
492 3629 531 3693 de
559 3650 642 3711 equo
672 3632 830 3695 descendit
860 3638 890 3695 et
921 3633 1041 3713 spinam
1064 3639 1181 3698 acutam
1205 3633 1246 3697 de
1269 3633 1347 3714 pede

287 3719 347 3782 eius
368 3720 495 3783 extraxit
509 3725 601 3800 atque
616 3726 807 3800 vnguentum
823 3723 942 3785 vulneri
962 3724 1029 3787 eius
1043 3724 1196 3804 apposuit.
1219 3722 1347 3787 Sanatus

287 3806 330 3871 leo
352 3815 397 3872 est
419 3814 449 3872 et
479 3809 517 3872 ad
542 3828 669 3873 nemora
700 3812 838 3891 perrexit
886 3811 960 3875 Post
990 3813 1047 3876 hec
1076 3831 1150 3876 vero
1182 3831 1233 3874 rex
1267 3811 1347 3874 illius

288 3897 341 3975 (BL
366 3899 454 3978 81ν.)
486 3899 571 3978 regni
603 3904 729 3964 venatus
758 3906 804 3964 est
834 3901 864 3963 in
896 3902 1005 3964 eodem
1038 3919 1173 3965 nemore.
1219 3900 1245 3963 Α
1276 3918 1346 3963 casu

245 3988 415 4050 ineundem
441 3988 561 4051 leonem
587 3987 667 4068 cepit
689 3994 718 4051 et
741 3990 868 4052 nutriuit
890 3991 979 4053 annis
1004 3991 1113 4054 multis.
1160 3989 1249 4052 Miles
1273 4007 1346 4052 vero

288 4075 332 4139 ille
353 4081 459 4140 contra
482 4095 586 4156 regem
611 4078 741 4140 surrexit
763 4083 792 4141 et
815 4079 845 4141 in
870 4079 1000 4142 eandem
1022 4080 1164 4143 forestam
1189 4096 1222 4141 se
1245 4077 1348 4156 posuit

287 4169 312 4227 et
332 4184 441 4229 omnes
464 4169 655 4229 transeuntes
677 4167 821 4248 spoliauit
837 4186 873 4230 ac
889 4168 1007 4231 occidit.
1041 4168 1104 4237 Rex
1120 4184 1193 4229 vero
1209 4165 1347 4244 explora-

287 4259 362 4319 tores
385 4256 524 4334 habebat,
548 4255 690 4335 quicum
712 4256 983 4337 apprehenderunt
1004 4261 1034 4320 et
1056 4260 1124 4319 ante
1147 4270 1251 4331 regem
1274 4270 1345 4315 eum
