3525 5025
870 498 1110 555 -128-

458 674 540 733 tuam
557 671 743 734 voluntatem
766 675 796 733 te
817 669 969 733 dimittere
984 669 1086 733 volare
1102 670 1209 732 volol¹¹
1248 669 1308 733 Cui
1325 669 1514 749 phylomena:

461 760 573 825 „Nunc
599 777 657 840 pro
685 764 767 823 certo
797 759 914 821 fatuum
938 764 966 822 le
989 777 1056 822 esse
1079 759 1223 838 cognoui.
1272 760 1349 821 Nam
1382 777 1420 821 ex
1453 758 1515 833 hiis,

458 868 520 928 que
542 848 596 911 tibi
620 848 693 925 dixi,
725 848 844 911 nullum
869 848 1039 929 proiectum
1064 848 1136 911 inde
1164 848 1306 926 habuisti,
1337 848 1408 927 quia
1431 851 1460 910 et
1481 846 1515 907 de

404 956 445 1003 115
461 956 510 1000 me
533 936 650 1017 perdita
672 936 727 1001 sed
751 936 976 1017 irrecuperabili
996 937 1084 1000 doles
1107 941 1135 1000 et
1159 956 1208 1000 me
1231 955 1338 1017 capere
1360 954 1415 1017 per
1438 936 1517 998 rethe

458 1026 617 1107 temptasti,
648 1044 718 1090 cum
743 1044 878 1106 nequeas
902 1045 951 1089 me
974 1044 1093 1107 capere;
1127 1029 1157 1088 et
1181 1027 1307 1107 insuper
1330 1025 1516 1105 margaritam

457 1122 518 1179 tam
541 1115 690 1195 grandem
714 1115 745 1177 in
770 1115 847 1178 meis
869 1114 1037 1179 visceribus
1061 1132 1126 1178 esse
1145 1114 1275 1191 credisti,
1299 1134 1368 1178 cum
1385 1132 1446 1193 ego
1461 1118 1518 1175 tota

458 1204 496 1267 ad
520 1205 650 1269 modum
674 1204 727 1268 oui
750 1204 914 1268 strucionis
937 1222 1002 1267 non
1022 1204 1137 1267 valeam
1162 1204 1291 1284 per-(BL
1310 1212 1349 1267 42
1358 1204 1518 1282 attingere.

458 1293 573 1357 Stultus
603 1311 636 1356 es
663 1299 692 1357 et
721 1293 752 1355 in
787 1292 915 1356 stulticia
947 1298 999 1357 tna
1027 1311 1149 1374 semper
1179 1294 1403 1373 permanebis.¹¹
1454 1291 1520 1353 l-liis

403 1382 546 1447 condictis
568 1383 713 1447 auolauit.
762 1384 868 1446 Homo
892 1382 1002 1446 dolens
1032 1387 1061 1446 et
1091 1383 1182 1446 tristis
1210 1382 1248 1444 ad
1277 1382 1405 1445 domum
1435 1396 1518 1444 suam
1588 1464 1589 1467 Ἴ

458 1477 502 1535 est
528 1489 678 1536 reuersus.
1588 1470 1589 1493 *

805 1666 882 1747 Cap.
911 1669 970 1729 115
998 1666 1056 1746 (BI.
1082 1665 1174 1745 43n).

707 1787 751 1843 De
769 1787 905 1843 vnicomu
924 1790 950 1843 et
968 1789 1053 1857 puteo
1072 1790 1098 1842 et
1116 1790 1266 1859 peccatore.

547 1916 684 1979 Barlaam
708 1920 814 1992 narrat,
839 1914 926 1995 qnod
950 1921 1088 1997 peccator
1109 1919 1152 1979 est
1175 1916 1282 1979 similis
1307 1915 1435 1993 homini,
1460 1912 1519 1995 qui,

457 2023 527 2069 cum
550 2006 670 2068 timeret
691 2006 880 2082 unicornem,
910 2006 1018 2069 cecidit
1041 2005 1071 2067 in
1100 2005 1264 2068 baratrum.
1312 2005 1395 2067 Dum
1420 2008 1520 2067 autem
1589 2014 1590 2087 ζ

458 2095 584 2172 caderet,
608 2093 794 2157 arbustulam
819 2094 974 2173 quandam
998 2093 1200 2175 apprehendit
1223 2094 1375 2172 manibus,
1398 2113 1461 2173 que
1484 2092 1521 2153 de
1589 2116 1590 2127 ¹

403 2200 444 2246 aas
458 2184 558 2248 fundo
591 2183 781 2261 ascendebat,
820 2188 848 2246 et
881 2184 1032 2264 aspiciens
1067 2183 1194 2246 interius
1228 2182 1305 2245 vidit
1338 2183 1376 2245 ad
1410 2182 1519 2263 pedem

456 2273 576 2335 arboris
599 2276 725 2353 puteum
741 2272 928 2335 teterrimum
945 2277 974 2336 et
996 2273 1159 2335 draconem
1184 2272 1363 2335 horribilem
1379 2273 1519 2335 arborem

457 2362 628 2441 cingentem
652 2362 770 2425 eteius
794 2379 898 2424 casnm
915 2379 969 2424 ore
991 2366 1096 2442 aperto
1120 2364 1351 2441 exspectantem.
1388 2361 1520 2425 Duobus

456 2455 557 2514 autem
593 2450 741 2529 muribus,
777 2468 912 2530 quorum
943 2468 1023 2515 vnus
1053 2455 1116 2514 erat
1143 2451 1232 2514 albus
1264 2455 1292 2514 et
1322 2451 1397 2514 alter
1427 2451 1519 2530 niger,

456 2541 599 2605 arborem
635 2540 819 2603 incessanter
853 2541 1090 2604 corrodentibus
1125 2541 1156 2603 in
1193 2540 1293 2603 radice
1327 2541 1422 2604 sensit
1456 2556 1518 2603 eam

402 2630 606 2693 nnvacillare.
652 2630 692 2693 lV
722 2647 849 2709 quoque
880 2629 984 2710 vipere
1013 2630 1122 2692 albea
1153 2630 1232 2706 base,
1264 2629 1382 2709 inqua
1411 2629 1518 2710 pedem
1590 2629 1591 2636 ’

456 2719 571 2797 fixerat,
595 2719 795 2799 procedentes
818 2722 911 2781 totam
934 2719 1058 2782 foueam
1081 2719 1156 2781 flatu
1180 2737 1238 2782 suo
1262 2719 1422 2782 mortifero
1446 2717 1518 2783 toxi-

457 2808 574 2871 cabant.
628 2808 757 2870 Eleuans
795 2812 894 2870 autem
934 2807 1060 2871 occulos
1094 2808 1169 2871 vidit
1206 2807 1320 2870 exitum
1355 2809 1455 2872 mellis
1485 2807 1520 2868 de

457 2915 543 2960 ramo
567 2896 685 2960 arboris
708 2896 853 2959 distillare
877 2897 1054 2976 oblitusque
1078 2897 1212 2978 periculi,
1242 2897 1272 2958 in
1296 2915 1362 2975 quo
1386 2898 1521 2976 undique

456 2987 575 3067 positus
599 2991 668 3064 erat,
693 2986 848 3049 dulcedini
866 2986 947 3049 illius
963 3003 995 3048 se
1010 2989 1107 3049 totum
1126 2986 1217 3049 dedit.
1256 2986 1404 3060 Quodam
1421 2991 1520 3049 autern

402 3093 443 3139 555
458 3076 557 3138 amico
591 3076 657 3137 eius
692 3075 859 3155 porrigenti
892 3075 950 3138 sibi
986 3074 1105 3153 scalam,
1141 3079 1172 3137 vt
1194 3074 1398 3154 egrederetur,
1435 3074 1522 3138 melle

456 3164 619 3228 delectatus
642 3162 756 3228 distulit
779 3170 807 3227 et
831 3163 956 3227 cadente
986 3164 1097 3227 arbore
1120 3163 1227 3227 cecidit
1255 3165 1285 3226 in
1310 3181 1347 3227 os
1370 3164 1520 3239 draconis

457 3253 510 3332 qni
534 3254 723 3317 descendens
747 3254 777 3316 in
803 3257 929 3335 puteum
954 3253 1091 3316 ibicum
1116 3252 1285 3318 deuorauit.

799 3447 874 3529 Cap.
902 3454 962 3511 118
989 3448 1049 3528 (Bl.
1076 3448 1172 3528 44v.).

723 3569 767 3625 De
785 3569 944 3625 Alexandro
963 3573 990 3625 et
1009 3569 1140 3640 Dyonide
1158 3569 1254 3642 pirata.

547 3696 647 3765 Refert
662 3699 843 3778 Augistinus
866 3699 905 3762 de
921 3699 1039 3762 ciuitate
1055 3698 1113 3776 dei,
1137 3699 1223 3778 quod
1242 3698 1404 3779 Dyonides
1420 3705 1522 3781 pyrata

456 3784 541 3864 galea
564 3804 624 3848 vna
648 3787 744 3866 longo
767 3791 905 3868 tempore
929 3789 959 3849 in
980 3789 1055 3851 mari
1073 3788 1216 3851 homines
1231 3786 1375 3868 spoliauit
1391 3793 1420 3851 et
1435 3790 1521 3869 cepit

401 3890 442 3937 nro
457 3874 521 3948 Qui
545 3892 615 3936 eum
640 3875 743 3938 multis
766 3878 899 3940 nauibus
931 3877 1015 3940 iussu
1039 3877 1215 3940 Allexandri
1246 3877 1353 3939 luisset
1376 3878 1521 3956 quesitus,

455 3961 578 4025 tandem
618 3968 723 4044 captus
761 3968 806 4027 est
839 3971 869 4028 et
899 3966 1086 4029 Allexandro
1121 3970 1317 4046 presentatus,
1357 3966 1411 4045 qui
1451 3985 1521 4030 eum

456 4053 654 4131 interrogauit
691 4051 809 4115 dicens:
851 4053 976 4128 „Quare
1014 4073 1097 4117 mare
1135 4059 1164 4117 te
1202 4055 1293 4117 habet
1331 4054 1518 4118 infestum?‘¹

458 4141 626 4222 Respondit
648 4143 759 4205 statim:
790 4143 847 4206 „Er
869 4161 964 4221 quare
987 4147 1015 4205 te
1039 4144 1123 4206 orbis
1146 4143 1316 4206 terrarum?
1363 4143 1424 4207 Sed
1450 4146 1521 4225 quia

456 4249 516 4310 ego
539 4231 615 4294 illud
638 4249 698 4310 ago
728 4227 814 4308 galea
844 4248 912 4306 vna,
949 4231 1024 4292 latro
1055 4249 1163 4293 vocor:
1198 4235 1229 4293 tu
1261 4249 1335 4294 vero
1366 4233 1520 4297 mundum
