3525 5025
685 486 906 542 -g5..

278 657 392 719 laboras.
436 658 467 721 Si
491 658 585 720 scires
607 658 683 736 quid
715 661 744 719 et
767 662 916 736 quantum
949 675 1007 737 pro
1030 675 1135 720 amore
1159 657 1328 738 presbyteri

278 746 375 824 pacior,
408 747 432 809 si
466 765 516 808 me
546 746 697 825 diligeres,
732 746 831 809 statim
867 745 960 809 miehi
1000 747 1215 810 consentires.“
1278 748 1329 810 Ait

229 838 371 897 osmater:
411 836 512 902 inludi
549 853 598 897 me
631 836 725 899 semel
761 839 790 897 et
822 835 956 915 amplius
990 853 1053 897 non
1086 839 1114 898 te
1146 835 1326 917 impediam!

279 924 349 985 Rene
369 924 420 987 libi
443 928 562 987 constal
584 924 670 1003 quod
695 924 740 986 lac
762 942 800 985 ex
824 924 967 987 mamillis
992 925 1068 987 meis
1091 924 1196 987 suxisti
1221 930 1250 987 et
1272 926 1328 989 do-

278 1012 346 1075 lores
366 1017 463 1076 tecum
488 1014 519 1075 in
544 1018 631 1093 partu
656 1014 759 1076 habui.
808 1012 937 1092 Propter
959 1013 1025 1075 illas
1049 1014 1199 1077 mamillas
1221 1020 1250 1077 et
1272 1013 1329 1077 do·

278 1102 345 1163 lores
366 1102 465 1165 adhuc
488 1120 559 1164 eum
583 1106 696 1182 tempta
719 1102 809 1165 tercia
832 1102 911 1164 viee!
939 1103 974 1164 lit
991 1102 1038 1182 [si]
1064 1107 1138 1165 tunc.
1160 1103 1226 1165 sine
1250 1121 1329 1183 pena

276 1191 421 1268 transieris,
456 1195 563 1254 votum
599 1190 659 1254 deo
693 1210 795 1254 voueo
830 1190 916 1270 quod
947 1195 975 1253 te
1006 1209 1069 1253 non
1099 1190 1264 1271 impediam
1289 1192 1328 1255 de

229 1284 390 1342 accelerat
438 1279 510 1353 Que
544 1281 597 1342 ait:
636 1282 708 1344 „Est
742 1280 834 1342 michi
862 1298 941 1360 pena
978 1280 1082 1359 grauis
1120 1298 1175 1360 per
1211 1284 1327 1343 tantum

278 1371 421 1448 tempusa
444 1369 623 1449 presbytero
646 1369 805 1431 abstinere.
851 1368 912 1432 Sed
936 1368 1009 1447 quia
1031 1373 1137 1433 votum
1154 1368 1214 1432 deo
1230 1369 1325 1433 iecisti

277 1457 349 1535 quod
371 1477 419 1520 me
445 1458 595 1521 ammodo
623 1475 687 1521 non
716 1458 874 1538 impedias,
905 1456 956 1521 dic
978 1458 1080 1536 michi,
1111 1458 1142 1521 in
1167 1475 1326 1537 quocum

277 1549 405 1625 temptare
427 1546 536 1625 debeo,
561 1551 591 1609 et
605 1548 665 1610 hoc
679 1546 886 1627 adimplebo!
923 1547 963 1609 At
985 1546 1048 1609 illa:
1076 1546 1156 1612 „Die
1172 1546 1327 1610 dominica

277 1634 370 1713 lutura,
394 1640 426 1698 ut
448 1637 528 1699 bene
551 1636 605 1700 tibi
622 1640 745 1712 constat,
771 1636 896 1699 maritus
911 1639 983 1699 tuus
998 1636 1178 1699 conuiuium
1196 1636 1327 1715 habebit,

230 1722 375 1803 relinquo
390 1725 538 1788 conuiuio
554 1729 637 1805 pater
650 1729 722 1788 tuus
737 1730 767 1787 et
781 1742 840 1804 ego
857 1725 972 1787 erimus
988 1728 1017 1787 et
1033 1742 1142 1787 omnes
1159 1724 1327 1789 nobiliores

277 1812 387 1875 civitatis
414 1832 549 1877 romane.
597 1814 677 1877 Cum
706 1832 780 1878 vero
804 1832 913 1877 omnes
942 1814 973 1875 in
1002 1831 1107 1877 mensa
1134 1818 1206 1877 sunt
1232 1814 1327 1877 collo·

276 1902 329 1978 cati,
354 1907 435 1983 pater
457 1907 529 1965 tuus
551 1907 696 1981 tanquam
721 1903 897 1983 principalis
921 1920 1058 1965 mensam
1084 1902 1213 1983 incipiet,
1243 1907 1272 1965 et
1294 1908 1325 1965 tu

275 2008 306 2050 ex
331 1992 471 2072 opposito
507 1992 600 2072 patris
629 1992 672 2054 tui
705 1992 765 2054 eris
795 1990 950 2055 collocata.
1003 1991 1084 2055 Cum
1116 2010 1190 2055 vero
1222 2010 1327 2055 mensa

276 2078 428 2158 pulmento,
463 2081 538 2143 vino
571 2085 662 2159 atque
696 2081 763 2143 aliis
796 2079 920 2143 ferculis
954 2080 1044 2153 luerit
1078 2081 1175 2161 plena,
1213 2082 1327 2161 private

230 2168 378 2230 rosclauem
401 2174 485 2232 tuam
501 2170 533 2232 in
549 2169 613 2232 tine
629 2188 739 2250 mappe
763 2170 848 2249 ligari
872 2169 965 2244 iacias
987 2174 1016 2231 et
1039 2169 1132 2232 verba
1155 2170 1210 2233 ista
1232 2170 1328 2233 debes

276 2257 410 2334 prolerre:
445 2259 549 2334 „Ecce
581 2276 673 2338 quam
705 2257 816 2321 debilis
847 2258 995 2321 memorie
1026 2260 1110 2321 sum!
1158 2258 1325 2322 Cullellum

275 2363 363 2408 meum
386 2347 417 2409 in
442 2365 592 2409 cameram
623 2347 726 2411 dimisi
753 2352 783 2410 et
810 2364 932 2409 mecum
962 2365 1024 2410 non
1056 2348 1206 2427 portauit
1257 2349 1327 2412 l·loc

274 2433 343 2498 dicto
365 2454 434 2499 cum
458 2437 574 2517 impetu
598 2436 638 2498 de
661 2436 804 2499 kathedra
819 2454 928 2517 surgas
952 2441 981 2499 et
1004 2454 1146 2518 mappam
1170 2440 1269 2499 tecum
1295 2438 1325 2499 in

275 2527 368 2587 terram
392 2527 501 2603 trahas,
532 2532 562 2589 et
588 2527 613 2589 si
641 2531 714 2590 tunc
741 2545 852 2607 penam
881 2526 1002 2604 euadas,
1033 2531 1139 2589 volum
1164 2527 1223 2589 deo
1247 2526 1326 2590 facio

229 2614 348 2690 acquod
381 2616 593 2696 presbyterum
629 2617 676 2679 vel
712 2633 941 2696 quemeumque
971 2616 1064 2677 alium
1101 2615 1210 2695 diligas
1240 2620 1269 2677 et
1298 2622 1326 2678 le

274 2703 391 2782 amplius
422 2722 486 2768 non
519 2705 711 2784 impediam«
760 2705 884 2768 Atilia:
920 2705 1081 2772 „Libenter
1112 2704 1186 2766 illud
1219 2723 1326 2784 perpe-

273 2793 374 2854 trabat
430 2793 505 2857 Vale
538 2793 608 2857 iecit
642 2795 741 2871 matri;
777 2794 907 2856 domum
939 2794 1077 2874 perrexit.
1131 2793 1225 2855 Adest
1260 2792 1326 2856 dies

273 2878 446 2959 dominicus;
464 2883 541 2945 hora
552 2882 654 2945 debita
670 2901 778 2946 omnes
795 2883 911 2945 inuitati
923 2882 962 2944 ad
975 2882 1155 2945 conuiuium
1169 2887 1326 2945 venerunt.

275 2968 444 3050 Prepositus,
476 2977 561 3052 pater
583 2972 656 3048 eius,
687 2989 824 3034 mensam
849 2971 961 3051 incepit
984 2975 1012 3033 el
1035 2972 1097 3033 iilia
1121 2989 1157 3033 ex
1182 2972 1325 3051 opposito

230 3070 261 3115 ns
274 3057 299 3118 in
320 3059 459 3122 kathedra
483 3061 627 3123 collocata
643 3064 688 3123 est
702 3064 731 3124 et
745 3060 789 3123 sic
812 3078 867 3141 per
890 3060 1030 3122 ordinem
1055 3059 1208 3123 sederunt.
1243 3059 1325 3122 Cum

273 3165 336 3212 vero
368 3167 473 3212 mensa
508 3149 639 3212 diuersis
673 3149 847 3230 pulmentis,
883 3149 1007 3212 ferculis
1036 3168 1072 3211 ac
1105 3150 1178 3212 vino
1214 3149 1326 3228 repleta

272 3235 372 3316 fuisset
396 3239 525 3302 domina
547 3239 588 3301 ait
610 3257 686 3302 voce
708 3238 779 3301 alta:
806 3240 911 3316 „Ecce
936 3256 1028 3317 quam
1054 3237 1154 3301 labilis
1178 3238 1326 3300 memorie

272 3341 329 3387 sum
352 3329 424 3408 ego!
474 3327 640 3391 Cultellum
665 3345 768 3389 meum
794 3329 824 3389 in
849 3345 968 3389 camera
991 3327 1122 3390 dimisit
1169 3328 1204 3389 Et
1226 3327 1324 3390 statim

273 3413 375 3479 clauem
392 3417 423 3478 in
441 3434 586 3497 mappam
606 3417 712 3495 ligauit
726 3420 755 3478 el
770 3417 824 3478 ait:
852 3416 987 3481 „Vadam
1004 3421 1033 3478 et
1048 3417 1204 3478 cultellum
1222 3434 1325 3478 meum

232 3513 415 3579 docueram!
465 3505 601 3569 Surrexit
634 3523 704 3568 cum
739 3506 854 3585 impetu
887 3509 916 3567 et
948 3509 1041 3568 totam
1078 3523 1219 3585 mappam
1254 3523 1325 3567 cum

272 3595 465 3674 superad-(Bl.
496 3594 674 3673 156r.)clitis
704 3594 743 3656 ad
774 3600 883 3656 terram
915 3599 985 3674 post
1014 3612 1047 3656 se
1079 3595 1174 3656 traxit.
1223 3593 1324 3674 Cyphi

272 3683 343 3745 aurei
371 3688 400 3746 et
425 3685 560 3762 argentei
589 3684 620 3744 in
649 3692 727 3745 terra
757 3684 915 3745 iacuerunt
937 3688 966 3744 et
988 3683 1045 3745 alia
1069 3683 1188 3745 cibaria.
1236 3683 1326 3746 llliles

273 3786 334 3834 vero
355 3773 430 3835 vltra
453 3790 547 3852 quam
571 3773 654 3834 credi
678 3777 777 3852 potest
795 3772 969 3834 amaritatus
992 3777 1036 3835 est
1059 3777 1088 3835 et
1110 3771 1324 3835 verecundiam

273 3875 399 3939 magnam
425 3861 608 3942 paciebatur.
643 3861 747 3925 Statim
773 3879 887 3924 nouam
912 3880 1055 3942 mappam
1071 3880 1107 3924 ac
1122 3863 1227 3924 omnia
1243 3879 1326 3924 noua

234 3948 395 4014 nundinari
418 3952 496 4028 iecit,
527 3950 641 4012 deinde
663 3969 732 4013 cum
758 3951 844 4013 omni
874 3950 990 4030 gaudio
1021 3968 1129 4014 omnes
1159 3950 1327 4013 solicitabat

274 4039 418 4101 vlcibum
451 4040 530 4102 laute
560 4044 717 4102 sumerent
743 4058 779 4102 ac
806 4040 953 4103 biberent.
1000 4041 1120 4103 Omnes
1143 4057 1218 4102 vero
1242 4043 1326 4101 erant

275 4128 414 4192 consolati.
469 4129 569 4191 Finito
599 4129 746 4192 conuiuio
777 4146 886 4191 omnes
917 4133 1016 4207 grates
1048 4128 1133 4190 militi
1165 4127 1324 4189 dederunt.

276 4211 354 4278 Mane
374 4235 446 4281 vero
469 4218 601 4281 surrexit
628 4218 716 4280 miles
739 4221 768 4279 et
790 4217 828 4281 ad
853 4218 1009 4279 ecclesiam
1039 4217 1176 4296 perrexit,
1208 4217 1240 4277 in
1264 4233 1326 4294 qua
