3525 5025
856 491 1076 551 -52-

437 666 510 743 suis,
534 666 708 747 increpabat
730 670 759 729 et
781 666 960 729 verberabat
979 684 1038 729 eas.
1076 666 1116 728 m
1129 666 1180 728 ille
1203 666 1385 728 iuraverunt
1399 664 1424 725 ei
1439 680 1494 725 non

437 754 634 819 defraudasse
658 755 764 835 ipsam,
788 755 842 818 sed
867 755 943 835 pica
990 756 1026 817 Et
1047 755 1146 819 sciens
1173 755 1287 818 mulier
1310 753 1450 833 cogitavit
1469 751 1495 811 in

437 844 543 909 animo
566 862 625 907 suo
647 843 766 907 dicens:
790 843 821 907 si
846 844 944 923 ipsam
968 843 1155 921 interfecero,
1179 845 1235 907 erit
1258 843 1339 906 mihi
1363 840 1496 914 deterius

383 952 424 1000 aaa
440 938 594 1015 presumet
616 932 698 996 enim
731 932 856 995 maritus
884 950 972 995 meus
999 934 1147 1012 quoniam
1176 937 1305 1013 propter
1333 932 1391 994 hec
1412 930 1497 1009 ipsam

439 1021 649 1087 interfecerim.
697 1020 840 1095 Quadam
865 1039 939 1085 vero
963 1026 1051 1085 nocte
1078 1040 1148 1084 cum
1173 1039 1236 1084 non
1266 1026 1351 1085 esset
1373 1020 1418 1082 vir
1443 1017 1500 1080 eius

439 1112 470 1175 in
493 1111 599 1187 dom0,
624 1110 706 1173 misit
728 1128 785 1191 pro
808 1128 867 1173 suo
890 1111 1008 1174 amasio
1028 1114 1057 1173 et
1080 1111 1214 1191 precepit
1235 1110 1360 1174 ancillis
1383 1108 1452 1184 suis,
1473 1108 1502 1167 ut

438 1201 666 1264 circumstarent
689 1199 797 1279 picam,
821 1216 941 1279 ponens
957 1199 988 1261 in
1008 1217 1101 1262 manu
1118 1200 1211 1263 unius
1227 1200 1370 1281 ipsarum
1393 1202 1500 1276 tympa-

438 1307 514 1353 num
546 1293 579 1351 ut
612 1288 745 1368 pulsaret
778 1287 817 1350 ad
848 1306 939 1351 aures
968 1288 1035 1367 pice
1042 1309 1051 1370 ;
1090 1289 1120 1351 in
1152 1307 1246 1351 manu
1278 1306 1359 1352 vero
1391 1284 1502 1348 alterius
1577 1263 1579 1381 i

384 1396 426 1443 ass
441 1394 588 1457 magnum
613 1376 716 1457 posuit
743 1375 902 1457 speculum
927 1380 960 1439 ut
982 1378 1156 1440 ostenderet
1184 1378 1287 1458 ipsum
1313 1375 1449 1440 vicissim
1470 1369 1502 1433 ad
1577 1388 1579 1444 ε

439 1466 547 1531 oculos
563 1466 638 1547 pice.
664 1466 765 1528 Altera
784 1466 948 1545 spergebat
966 1466 1006 1528 de
1028 1484 1108 1546 aqua
1127 1467 1258 1547 spongia
1282 1483 1383 1547 super
1405 1463 1502 1543 picam.
1577 1455 1579 1517 ἱ

438 1557 539 1619 Altera
562 1573 637 1618 vero
661 1554 775 1618 molam
799 1554 942 1618 volvebat
965 1573 1071 1619 versus
1095 1556 1203 1635 picam,
1230 1556 1327 1619 altera
1352 1569 1426 1616 vero
1449 1548 1503 1627 agi-
1577 1533 1579 1670 ζ

439 1646 519 1708 tabat
541 1662 664 1707 caveam
690 1644 720 1706 in
745 1662 807 1724 qua
830 1648 893 1706 erat
916 1643 991 1724 pica.
1027 1645 1064 1707 Et
1077 1644 1258 1708 facientibus
1273 1646 1322 1708 sic
1338 1646 1402 1706 tom
1416 1641 1502 1710 nocte
1577 1673 1578 1722 3

440 1751 503 1797 non
527 1732 627 1813 potuit
649 1732 765 1813 aliquid
791 1733 947 1813 percipere
962 1732 1002 1795 de
1025 1733 1110 1796 factis
1133 1734 1279 1797 mulieris.
1321 1735 1418 1796 Mane
1438 1742 1503 1789 vero
1577 1731 1579 1746 *

386 1842 427 1888 am
442 1841 513 1886 cum
548 1821 664 1884 veniret
698 1822 744 1883 vir
774 1839 862 1900 suus,
899 1822 1095 1902 interrogavit
1129 1822 1226 1903 picam
1263 1822 1304 1885 de
1338 1819 1424 1883 factis
1455 1831 1504 1877 sue
1577 1881 1579 1914 r

440 1910 585 1975 mulieris.
637 1910 697 1973 Cui
728 1910 900 1991 respondit:
933 1910 1106 1984 Quomodo
1137 1912 1222 1991 potui
1254 1911 1313 1975 hec
1346 1907 1502 1991 percipere.
1577 1925 1578 1992 ζ

439 2018 510 2064 cum
535 2001 590 2063 hac
613 2003 702 2062 nocte
726 2000 769 2061 fui
793 2000 824 2061 in
849 2000 991 2062 maximis
1015 1999 1174 2064 tormentis
1198 2019 1251 2081 pre
1275 2001 1377 2063 nimia
1401 1992 1502 2077 pluvit
1577 2009 1579 2056 ἰ

439 2088 582 2154 tonitruis
605 2092 633 2151 et
657 2088 920 2153 coruscationibus
943 2094 972 2151 el
994 2093 1072 2152 terre
1095 2095 1190 2167 motu,
1222 2090 1261 2152 de
1284 2090 1406 2170 quibus
1428 2080 1502 2145 vide·
1577 2085 1579 2174 t

441 2179 530 2242 batur
554 2178 629 2240 mihi
654 2177 790 2241 mundus
814 2178 935 2258 perire?
982 2178 1018 2240 Et
1040 2177 1169 2241 audiens
1192 2179 1249 2241 hec
1271 2180 1328 2257 vir,
1355 2170 1505 2241 estimabat
1577 2193 1578 2196 ¹

386 2286 427 2334 aas
442 2267 547 2333 omnia
569 2267 664 2329 verba
687 2267 753 2347 pice
777 2285 838 2346 que
861 2266 920 2329 sibi
941 2267 1081 2329 retulerat
1095 2266 1136 2329 de
1159 2285 1255 2330 uxore
1278 2285 1337 2332 sua
1361 2257 1503 2329 mendicia
1577 2219 1579 2348 i

441 2375 515 2435 esse,
547 2375 616 2419 cum
648 2355 698 2418 illa
728 2356 823 2418 eciam
857 2373 921 2419 non
952 2356 1081 2419 fuissent
1110 2374 1189 2433 vera,
1224 2356 1297 2436 quia
1330 2374 1389 2438 per
1418 2354 1502 2414 totam
1577 2363 1579 2418 t

441 2449 561 2509 noctem
593 2448 755 2525 tempestas
789 2443 952 2525 tranquilla
986 2449 1015 2507 et
1046 2444 1234 2509 conveniens
1264 2451 1337 2509 erat.
1399 2442 1434 2505 Et
1461 2434 1503 2497 hic
1577 2421 1579 2547 i

440 2535 593 2616 accipiens
616 2535 715 2614 picam
740 2534 888 2597 interfecit
911 2534 1001 2612 illam,
1033 2539 1063 2597 et
1084 2534 1244 2615 suspendit
1266 2554 1336 2599 eam
1362 2535 1393 2598 in
1418 2530 1502 2608 ligno·
1577 2562 1579 2585 t

846 2733 872 2793 s.
911 2730 964 2810 [=
989 2730 1019 2793 s.
1044 2730 1105 2809 aa]

535 2892 686 2955 Dicuntur
710 2890 803 2954 fuisse
827 2891 892 2954 duo
915 2890 1058 2954 homines
1081 2909 1214 2970 quorum
1240 2908 1321 2954 unus
1344 2887 1503 2955 vocabatur
1577 2814 1579 2891 i

387 3001 428 3046 eoo
445 2982 606 3061 Deceptor,
634 2980 709 3043 alter
730 2998 805 3043 vero
828 2980 934 3043 Velox.
981 2976 1139 3057 Quicum
1163 2980 1374 3043 ambulassent
1402 2973 1504 3060 pariter
1577 2976 1578 3003 ¹

443 3071 598 3152 perviam,
612 3069 796 3132 invenerunt
810 3069 964 3132 sacculum
978 3069 1104 3148 plenum
1117 3073 1244 3148 argento
1248 3090 1256 3146 ;
1269 3071 1383 3132 reversi
1396 3065 1465 3132 sunt
1476 3059 1502 3120 in
1577 3014 1579 3113 i

443 3159 600 3238 regionem
611 3175 708 3220 suam.
725 3158 871 3232 Quicum
885 3158 1183 3239 appropinquassent
1196 3158 1313 3232 civitati,
1325 3159 1404 3221 dixit
1415 3150 1503 3219 Velox

444 3246 620 3327 Deceptori:
647 3247 694 3309 Da
714 3246 789 3309 mihi
811 3246 1003 3310 medietatem
1019 3246 1144 3327 argenti.
1172 3246 1232 3309 Cui
1250 3246 1327 3309 dixit
1343 3245 1502 3325 Deceptor:

444 3337 648 3415 Nequaquam
662 3336 722 3398 hoc
734 3335 887 3414 faciamus,
895 3336 1044 3416 quoniam
1056 3337 1212 3399 societates
1220 3340 1250 3398 et
1256 3335 1384 3399 amicitie
1398 3328 1504 3398 debent
1577 3346 1578 3371 t

388 3443 429 3490 aon
444 3443 566 3504 semper
582 3423 659 3487 inter
675 3441 732 3487 nos
748 3442 939 3504 permanere;
963 3426 1018 3488 sed
1034 3425 1163 3504 quilibet
1178 3429 1317 3488 nostrum
1329 3424 1455 3505 accipiet
1468 3415 1502 3478 de

442 3517 569 3593 argento
591 3518 739 3593 quantum
761 3513 787 3576 ei
807 3513 947 3592 sufficiat,
968 3513 1119 3593 reliquum
1140 3532 1214 3577 vero
1233 3513 1460 3577 abscondamus
1474 3505 1501 3566 in

442 3603 547 3682 aliquo
569 3606 633 3666 tuto
653 3602 732 3680 loco,
760 3606 789 3665 et
806 3602 934 3681 quando
958 3603 1142 3682 indigemus,
1166 3602 1322 3683 capiemus
1336 3603 1377 3665 de
1398 3620 1445 3666 eo.
1472 3594 1504 3657 fii
1577 3602 1579 3761 Ι

444 3695 553 3772 putans
565 3691 631 3754 eius
643 3690 745 3754 socius
757 3691 854 3755 Velox
867 3691 968 3772 ipsum
986 3691 1071 3772 loqui
1089 3692 1257 3771 bonafide,
1274 3691 1385 3772 placuit
1396 3692 1424 3754 ei
1437 3701 1501 3752 con·
1577 3764 1578 3771 ἵ

443 3781 560 3858 silium,
580 3783 609 3842 et
620 3780 848 3843 absconderunt
862 3786 1023 3860 argentum
1039 3782 1098 3845 sub
1114 3781 1248 3861 quadam
1264 3799 1376 3860 magna
1390 3781 1502 3846 arbom

389 3887 430 3933 310
445 3874 474 3933 et
488 3869 629 3932 abierunt
649 3886 707 3949 pro
722 3868 807 3933 factis
822 3868 896 3932 suis.
929 3870 1049 3933 Etcum
1067 3869 1216 3934 redissent
1230 3870 1268 3932 ad
1286 3868 1387 3933 locum
1408 3879 1500 3936 suum,

444 3958 497 4022 ivit
533 3962 603 4038 post
636 3957 717 4020 diem
756 3958 910 4038 Deceptor
947 3959 986 4020 ad
1020 3958 1162 4022 arborem
1199 3963 1227 4021 et
1260 3957 1374 4039 accepit
1411 3960 1501 4021 totum

443 4052 612 4128 argentum.
659 4046 803 4120 Quadam
828 4063 902 4109 vero
926 4046 977 4109 die
1005 4047 1163 4126 requisivit
1189 4065 1260 4110 eum
1285 4048 1381 4111 Velox
1404 4046 1501 4109 dicens

444 4136 485 4200 ei:
510 4137 622 4200 Eamus
638 4135 676 4199 ad
693 4135 877 4216 depositum,
901 4135 1049 4215 quoniam
1074 4135 1200 4215 indigeo
1216 4136 1255 4198 de
1271 4154 1339 4199 mea
1362 4136 1501 4216 porcione

445 4225 527 4289 illius
549 4225 674 4304 argenti.
709 4224 770 4288 Cui
795 4223 966 4302 respondit:
992 4223 1141 4286 Libenter.
1178 4225 1213 4284 Et
1228 4228 1334 4287 euntes
1349 4223 1388 4286 ad
1405 4223 1499 4287 locum
