3525 5025
827 531 1070 589 -168-

418 705 550 770 nutritus
579 705 677 768 iuerat
706 704 738 768 in
768 703 890 769 abbatia
917 707 947 768 et
977 719 1135 785 nunquam
1164 702 1283 767 viderat
1312 703 1483 767 mulierem.

418 793 501 860 Cum
539 793 672 874 quadam
710 793 762 857 die
799 793 948 874 equitaret
984 811 1054 856 cum
1092 793 1213 872 abbate,
1251 793 1360 856 accidit
1399 790 1484 872 quod

418 883 619 964 ditierlrlatus
641 886 687 946 est
708 900 810 963 equus
831 883 899 963 eius
922 886 963 959 et,
998 897 1068 945 cum
1092 882 1177 945 taber
1206 882 1339 945 calidum
1368 882 1485 945 terrum

363 988 406 1036 uu
420 971 596 1054 projecisset
625 972 656 1034 in
686 975 773 1049 terra,
807 971 979 1034 monachus
1008 971 1123 1034 ferrum
1153 971 1287 1034 calidum
1319 971 1430 1052 accipit
1458 972 1488 1032 et

420 1061 541 1124 nullum
564 1062 696 1124 calorem
720 1060 752 1124 in
776 1078 869 1124 manu
892 1061 994 1138 sensit,
1024 1064 1054 1122 et
1077 1060 1202 1123 miratus
1224 1064 1269 1123 est
1290 1060 1389 1123 abbas
1412 1059 1487 1138 ejus

419 1149 501 1216 Cum
532 1155 634 1214 autem
665 1154 755 1214 nocte
786 1149 819 1212 in
848 1149 947 1213 domo
980 1149 1162 1212 secularium
1199 1148 1341 1229 hospitati
1377 1151 1488 1224 essent

419 1239 531 1302 mulier
551 1239 674 1303 tenebat
694 1238 857 1319 parvulum
881 1242 911 1302 et
934 1238 1060 1301 miratus
1075 1237 1246 1302 monachus
1261 1238 1396 1317 quesivit
1410 1235 1487 1317 quid

418 1333 505 1392 esset
539 1327 600 1392 Cui
616 1327 739 1391 mulier:
765 1325 915 1392 ‚Anicula
929 1331 974 1390 est
995 1345 1089 1406 quam
1112 1344 1172 1406 ego
1195 1330 1225 1390 et
1247 1327 1375 1390 maritus
1399 1343 1489 1388 meus

364 1435 406 1480 alo
420 1417 576 1480 lecimusu
602 1415 663 1480 Cui
687 1416 872 1479 monachus:
899 1415 1015 1480 „Valde
1038 1415 1166 1496 pulchra
1188 1418 1233 1478 est
1254 1415 1376 1478 anicula
1401 1415 1486 1478 ista!

419 1505 481 1570 Cui
504 1506 627 1568 mulier:
653 1505 727 1570 ‚Vis
746 1523 806 1585 ego
830 1509 859 1568 et
880 1509 914 1566 tu
937 1504 1026 1568 talem
1050 1503 1198 1568 iaciamus
1219 1503 1417 1567 aniculam?u
1456 1503 1492 1564 Et

419 1595 590 1658 monachus
620 1595 760 1658 nesciens
788 1592 875 1674 quod
906 1598 984 1657 esset
1014 1597 1169 1674 peccatum
1193 1593 1246 1656 ait:
1272 1593 1402 1658 avolo·
1456 1593 1491 1654 Et

418 1684 586 1748 concubuit
607 1701 677 1746 cum
701 1683 759 1759 illa,
783 1683 944 1762 ignorante
965 1681 1083 1746 abbate.
1122 1681 1204 1745 Cum
1227 1686 1327 1745 autem
1353 1681 1492 1745 redirent

418 1777 448 1835 et
475 1773 584 1836 iterum
614 1790 730 1853 equum
760 1771 952 1834 ditierratum
983 1771 1095 1834 terrare
1125 1771 1246 1848 vellent,
1276 1771 1352 1834 dixit
1381 1771 1491 1835 abbas

364 1879 406 1924 su
425 1861 509 1940 ‘Fili
546 1861 649 1941 accipe
671 1861 817 1924 terrum!
873 1861 909 1922 Et
943 1879 1013 1924 cum
1047 1861 1211 1940 accepisset
1247 1860 1410 1924 combusta
1445 1862 1492 1922 est

419 1967 531 2014 manus
564 1951 639 2030 ejus.
686 1949 781 2025 Quod
817 1948 927 2012 videns
961 1949 1057 2013 abbas
1091 1949 1222 2030 quesivit
1254 1949 1295 2012 ab
1329 1967 1368 2012 eo
1400 1947 1490 2029 quod

418 2039 538 2119 egisset,
560 2044 591 2102 at
612 2039 664 2102 ille
678 2039 840 2102 confessus
854 2043 900 2101 est
920 2039 1083 2118 quomodo
1099 2056 1169 2101 cum
1186 2037 1315 2102 muliere
1337 2038 1489 2117 iacuisset,

418 2132 449 2190 et
470 2127 670 2208 postmodum
694 2128 790 2192 abbas
812 2126 936 2190 inclusit
958 2127 1078 2190 eumin
1101 2127 1234 2190 claustro
1257 2143 1315 2190 nec
1336 2127 1438 2190 voluit
1457 2130 1490 2189 ut

419 2216 458 2280 de
480 2222 582 2281 cetero
607 2217 755 2297 equitaret
776 2234 847 2280 cum
871 2234 910 2279 eo
934 2263 942 2279 .
967 2265 973 2278 .
998 2263 1005 2279 .

782 2364 833 2423 29.
874 2358 929 2438 [=
953 2359 1013 2421 No.
1038 2356 1122 2437 248.]

364 2501 406 2548 oso
509 2483 624 2547 Audivi
647 2483 688 2547 de
711 2483 844 2563 quadam
869 2482 948 2546 mala
971 2483 1099 2547 muliere
1121 2482 1170 2546 cui
1195 2481 1320 2546 maritus
1342 2482 1412 2563 eius
1436 2501 1491 2565 per

419 2574 526 2637 omnia
547 2573 689 2637 credebat
719 2573 901 2654 quodcum
926 2573 969 2636 ire
991 2572 1081 2636 vellet
1102 2572 1142 2635 ad
1171 2572 1344 2635 adulterum
1369 2570 1491 2637 dicebat

419 2662 487 2726 viro
507 2680 579 2726 suo:
606 2662 770 2727 ‚infirmus
785 2680 826 2739 es,
850 2662 928 2724 intra
951 2662 982 2724 in
1007 2662 1116 2725 lectum
1134 2679 1237 2725 meum
1261 2666 1290 2725 et
1312 2661 1443 2725 sudabis
1462 2666 1491 2725 et

419 2751 491 2814 vide
525 2770 565 2815 ne
601 2768 711 2831 surgas
743 2750 845 2814 donec
876 2751 984 2813 dixero
1018 2750 1101 2814 tibi.u
1150 2750 1238 2813 Tunc
1272 2750 1322 2813 illa
1359 2749 1491 2815 firmans

420 2840 532 2903 ostium
556 2857 675 2903 camere
690 2844 721 2902 et
734 2839 848 2903 clavem
866 2857 971 2903 secum
993 2843 1118 2920 portans
1134 2839 1197 2902 ibat
1219 2843 1247 2902 et
1270 2857 1334 2902 non
1359 2845 1491 2903 reverte

365 2946 406 2992 sos
421 2929 510 2991 batur
525 2929 677 3009 usquead
693 2946 866 3010 vesperum.
896 2929 949 2991 llle
963 2946 1038 2992 vero
1053 2928 1182 2992 credens
1196 2946 1229 2991 se
1245 2945 1311 2991 esse
1326 2927 1491 2993 infirmum

421 3035 485 3081 non
508 3018 642 3082 audebat
663 3017 703 3081 de
726 3018 804 3083 lecto
833 3035 961 3097 surgere
990 3017 1091 3081 donec
1121 3016 1233 3081 rediret
1263 3017 1330 3097 ejus
1358 3035 1441 3081 uxor
1462 3023 1493 3081 et

419 3107 544 3170 diceret:
571 3107 704 3185 „Amice
727 3112 815 3187 potes
830 3124 964 3186 surgere,
988 3105 1079 3170 video
1095 3106 1177 3170 enim
1201 3105 1286 3186 quod
1310 3111 1435 3171 curatus
1458 3125 1493 3171 es

419 3195 459 3259 ab
475 3195 677 3259 infirmitate.u
709 3195 853 3270 Quadam
869 3201 970 3260 autem
991 3194 1050 3272 die,
1066 3213 1136 3259 cum
1154 3195 1204 3257 illa
1219 3194 1334 3259 diceret
1346 3195 1492 3261 adultero

419 3283 505 3365 quod
522 3283 662 3364 diligeret
679 3303 752 3347 eum
768 3286 947 3365 plusquam
965 3284 1107 3347 maritum
1123 3301 1225 3361 suum,
1249 3284 1299 3348 ille
1315 3286 1491 3365 respondit:

365 3391 406 3438 noo
424 3375 477 3439 „ln
501 3374 561 3437 hoc
584 3374 725 3454 probabo
748 3374 833 3454 quod
857 3391 964 3437 verum
988 3377 1033 3436 est
1059 3372 1145 3452 quod
1169 3373 1253 3451 dicis,
1277 3373 1302 3436 si
1328 3373 1491 3437 meliorem

420 3462 543 3527 dentem
572 3482 665 3543 quem
697 3464 789 3527 habet
818 3464 944 3527 maritus
973 3468 1044 3526 tuus
1074 3462 1196 3525 dederis
1227 3462 1329 3525 mihi.’'
1375 3462 1416 3525 m
1440 3464 1493 3526 illa

419 3551 458 3615 ad
482 3552 623 3615 maritum
648 3571 768 3616 reversa
791 3553 870 3633 cepit
892 3553 1013 3633 plorare
1036 3555 1065 3614 et
1080 3551 1233 3614 tristiciam
1250 3550 1403 3615 simulare.
1427 3551 1491 3615 Cui

420 3640 546 3704 maritus
568 3641 622 3704 ait:
649 3641 755 3716 ‚Quin
779 3641 895 3705 habes?
942 3641 1047 3716 Quare
1071 3641 1199 3720 luges.iu
1247 3639 1287 3702 m
1309 3640 1373 3702 illa:
1397 3640 1491 3705 “Non

418 3730 520 3793 audeo
543 3729 671 3793 dicere.u
723 3730 850 3807 111010,Ἰ
876 3730 984 3809 inquit
1010 3734 1063 3795 „ut
1084 3730 1168 3793 dicas
1188 3728 1294 3792 mihi·
1342 3727 1491 3810 Cumque

363 3834 407 3881 ssa
422 3818 473 3882 ille
495 3817 626 3880 multum
648 3819 778 3896 instaret,
800 3818 924 3882 tandem
937 3819 988 3882 illa
1002 3819 1090 3883 dixit:
1117 3818 1251 3885 „Tantus
1273 3816 1352 3881 ietor
1374 3836 1412 3880 ex
1435 3836 1492 3883 ore

419 3911 475 3970 tuo
505 3906 644 3986 procedit
673 3907 759 3987 quod
781 3908 843 3987 jam
867 3926 933 3972 non
956 3925 1083 3988 possum
1107 3907 1284 3971 sustinere.a
1338 3905 1390 3969 llle
1413 3925 1490 3971 vero

418 3995 586 4058 ammirans
601 3999 631 4057 et
645 3996 756 4059 dolens
771 3996 824 4059 ait:
849 3995 974 4070 “Quare
996 4014 1059 4059 non
1079 3996 1198 4059 dixeras
1214 3994 1299 4073 mihi,
1323 4012 1490 4075 possemne

419 4082 535 4164 aliquid
560 4082 730 4146 remedium
753 4083 944 4147 adhibere?u
994 4084 1054 4148 Cui
1071 4085 1193 4148 mulier:
1220 4085 1313 4150 „Non
1335 4087 1381 4147 est
1402 4084 1489 4148 aliud
1598 4122 1599 4125 =

420 4171 590 4233 remedium
615 4172 673 4233 nisi
698 4176 731 4233 ut
753 4172 843 4233 iacias
866 4171 980 4233 extrahi
1004 4173 1127 4235 dentem
1149 4172 1235 4235 illum
1251 4172 1292 4236 de
1307 4190 1371 4253 quo
1387 4175 1490 4237 tantus

366 4272 408 4316 oro
424 4257 504 4317 fetor
526 4256 691 4333 procedita
741 4258 778 4315 Et
800 4256 839 4315 ita
861 4258 900 4315 ad
925 4258 1127 4319 hortationem
1152 4261 1257 4322 uxoris
1281 4260 1349 4323 iecit
1372 4262 1488 4323 extrahi
