3525 5025
670 511 913 573 -145-

273 701 389 763 corpore
411 687 496 749 meo!
545 687 581 749 Et
603 685 629 748 si
652 686 714 749 hoc
734 686 847 764 lecerit,
870 705 948 749 vxor
970 704 1039 749 mea
1061 687 1144 749 erit¹¹
1190 685 1325 750 Perrexit

273 774 391 837 nuncius
412 774 452 837 ad
475 774 628 854 virginem
651 779 681 838 et
703 793 770 838 eam
794 794 832 837 ex
862 780 946 856 parte
969 774 1162 855 imperatoris
1184 776 1325 839 salutauit

272 860 425 943 dicensque
440 864 483 926 ei:
511 865 607 928 „Ecce
630 881 752 944 pannus
767 864 868 927 lineus
889 865 1006 928 habens
1028 868 1144 927 tantum
1169 864 1200 926 in
1225 863 1324 945 longi-

220 951 367 1014 rrrstrrdine
389 956 417 1014 et
439 952 598 1015 latitudine
622 953 658 1014 lll
683 953 824 1034 pollices!
870 953 902 1017 Si
927 953 1081 1017 camisiam
1105 953 1176 1017 satis
1199 955 1323 1033 longam

271 1038 308 1101 de
328 1040 381 1103 isto
404 1059 509 1121 panno
533 1060 591 1122 pro
606 1059 738 1122 corpore
753 1042 819 1105 eius
835 1048 922 1123 potes
938 1042 1067 1123 operari,
1089 1046 1118 1105 te
1142 1043 1172 1104 in
1197 1060 1324 1106 vxorem

271 1128 354 1192 ducet
374 1147 443 1192 cum
468 1148 583 1210 magno
605 1130 750 1211 gaudio.“
790 1131 909 1194 Arilla:
935 1130 1128 1206 „Quomodo
1151 1131 1204 1194 liet
1227 1131 1324 1194 illud?

272 1218 312 1279 Ex
332 1236 393 1298 quo
416 1236 481 1281 non
504 1224 577 1281 sunt
600 1220 711 1300 plures,
733 1224 851 1283 tantum
875 1220 934 1283 nisi
960 1221 996 1282 lll
1021 1220 1147 1301 pollices
1170 1221 1201 1282 in
1226 1220 1325 1300 longi-

271 1306 368 1370 tudine
389 1312 419 1371 et
442 1307 607 1385 latitudine,
631 1308 785 1372 camisiam
802 1309 829 1371 ei
845 1309 943 1372 tacere
966 1314 1045 1373 esset
1067 1308 1159 1372 michi
1184 1308 1325 1389 impossi-

220 1394 334 1458 nobile.
385 1397 602 1460 Verumtamen
636 1398 784 1460 concedat
817 1398 910 1461 michi
943 1415 1010 1475 vas,
1046 1398 1076 1461 in
1107 1416 1172 1478 quo
1206 1398 1325 1479 operari

270 1486 385 1563 possim,
418 1490 448 1548 et
474 1485 628 1549 camisiam
660 1488 732 1549 satis
762 1487 887 1566 longam
915 1491 944 1550 et
972 1488 1060 1549 latam
1092 1488 1119 1549 ei
1150 1487 1322 1567 promittot

270 1574 401 1637 Nuntius
424 1579 469 1637 est
492 1592 634 1638 reuersus
650 1576 861 1655 nunciansque
878 1576 1053 1657 imperatori
1069 1576 1109 1639 de
1124 1576 1326 1656 responsione

269 1662 397 1742 virginis.
445 1664 550 1727 Statim
575 1664 740 1744 imperator
762 1682 816 1728 vas
837 1664 976 1728 debitum
1001 1666 1028 1727 ei
1053 1665 1142 1728 misit
1178 1664 1230 1728 llla
1251 1683 1325 1729 vero

270 1750 306 1814 de
319 1757 375 1814 tam
393 1770 489 1833 parua
503 1753 669 1832 quantimte
687 1753 719 1815 in
735 1753 846 1817 eodem
862 1771 933 1817 vase
957 1758 1079 1833 operata
1095 1758 1140 1817 est
1161 1754 1325 1832 camisiam,

220 1856 326 1919 niaque
339 1846 400 1904 erat
422 1842 495 1905 satis
517 1842 612 1921 longa
633 1860 668 1906 ac
691 1842 749 1905 lata
764 1861 821 1923 pro
837 1861 968 1923 corpore
984 1842 1184 1923 imperatoris.
1220 1842 1324 1907 Statim

268 1947 328 1991 eam
351 1930 381 1992 in
405 1947 532 1993 vxorem
555 1930 643 1994 duxit
664 1949 735 1995 curn
760 1949 874 2011 magno
898 1932 1022 2010 gaudio.

607 2127 683 2208 Cap.
711 2132 771 2191 169
799 2126 858 2207 (BL
885 2130 978 2207 90r.).

270 2243 309 2301 De
325 2245 436 2303 duobus
454 2246 615 2316 latronibus,
644 2247 692 2319 qui
712 2246 865 2320 perfidem
884 2246 968 2303 vitam
987 2262 1065 2303 suam
1084 2252 1326 2305 conseruauerunt.

351 2376 420 2438 Erat
448 2376 575 2456 quidam
603 2377 776 2457 imperator,
807 2377 840 2438 in
867 2376 956 2439 cuius
986 2374 1117 2455 imperio
1147 2381 1232 2439 erant
1261 2377 1326 2441 duo

268 2463 392 2528 latrones
406 2465 446 2528 ad
464 2465 596 2528 inuicem
613 2464 798 2530 confederati
819 2466 991 2529 iuramento
1014 2482 1049 2528 ac
1071 2464 1142 2544 fide,
1167 2470 1201 2528 ut
1223 2465 1326 2530 nullus

267 2553 355 2616 alium
377 2554 532 2635 deciperet
559 2555 589 2617 in
614 2556 814 2619 neccessitate.
860 2555 958 2618 Multa
981 2555 1060 2618 mala
1083 2554 1174 2616 simul
1198 2556 1326 2618 commi-

176 2644 177 2647 ’
219 2647 374 2720 rranserunt,
405 2643 519 2706 scilicet
543 2644 602 2722 (BL
628 2644 713 2724 90v.)
741 2645 827 2721 turta,
859 2644 1064 2724 spoliaciones
1093 2647 1122 2706 et
1152 2643 1325 2707 homicidia.

267 2731 386 2811 Accidit,
418 2732 504 2812 quod
535 2751 615 2796 vnus
644 2751 753 2796 eorum
781 2734 906 2797 absente
933 2733 1028 2796 altero
1058 2733 1089 2794 in
1113 2731 1196 2796 furto
1220 2737 1326 2813 captus

267 2819 369 2884 luisset
401 2826 431 2884 et
465 2822 497 2883 in
532 2840 650 2885 carcere
684 2822 800 2885 fortiter
833 2822 1012 2886 vinculatus.
1066 2820 1162 2896 Quod
1197 2822 1326 2886 audiens

176 2966 177 2989 ff
266 2910 364 2973 socius
401 2911 476 2988 eius,
514 2911 627 2974 scilicet
663 2911 737 2974 alter
775 2911 863 2989 latro,
901 2911 984 2973 venit
1020 2910 1059 2972 ad
1098 2928 1169 2973 eum
1208 2916 1237 2974 et
1272 2912 1325 2974 ait:

176 3002 177 3085 p
270 2999 458 3077 »Karissimc
493 2999 545 3062 dic
573 3000 675 3078 michi,
706 3000 782 3079 quid
813 3018 870 3080 pro
898 3004 927 3061 te
956 3000 1085 3063 debeam
1116 2999 1222 3076 iacere,
1253 3001 1326 3080 quia

176 3162 177 3167 ἵ
219 3089 357 3152 noambo
387 3089 470 3169 ligati
497 3106 606 3152 sumus
629 3090 660 3152 in
684 3089 782 3152 fidel«
838 3088 1009 3168 Respondit
1031 3089 1117 3150 alter:
1152 3089 1210 3157 „Vt
1233 3089 1325 3153 michi

176 3170 178 3199 ²
266 3176 389 3255 viderur,
419 3182 540 3258 oportet
569 3197 619 3240 me
648 3179 736 3255 mori,
768 3177 841 3258 quia
870 3181 976 3257 captus
1006 3195 1075 3239 sum
1100 3177 1131 3239 in
1154 3177 1247 3241 furto,
1293 3178 1325 3242 Si

176 3220 178 3317 d
266 3268 377 3329 tantum
401 3267 494 3330 velles
517 3266 597 3329 istud
621 3267 727 3344 tacere,
755 3267 841 3347 quod
864 3266 973 3329 dixero
995 3265 1059 3344 tibi,
1082 3284 1205 3348 semper
1227 3285 1324 3330 essem

176 3324 178 3391 d
267 3353 315 3416 tibi
348 3355 501 3435 obligatus
530 3354 569 3418 ad
600 3356 808 3418 seruiendum.
855 3356 965 3418 Habeo
996 3373 1123 3418 vxorem
1155 3360 1184 3418 et
1213 3374 1326 3436 pueros

266 3460 332 3506 cum
348 3444 462 3507 familia
485 3449 514 3507 et
535 3444 575 3507 de
598 3445 659 3508 illis
681 3445 774 3508 nichil
798 3443 940 3507 ordinaui
961 3462 1062 3523 neque
1078 3443 1118 3507 de
1134 3445 1225 3508 bonis
1241 3446 1325 3509 meis.

220 3546 259 3593 nro
267 3529 294 3594 Si
324 3533 395 3596 loco
425 3535 485 3596 mei
521 3533 641 3597 interim
671 3538 843 3614 exspectare
872 3534 967 3597 velles
997 3533 1028 3595 in
1060 3551 1178 3596 carcere
1208 3538 1237 3596 et
1267 3535 1327 3598 hoc

266 3638 368 3698 posses
390 3640 408 3685 a
430 3622 532 3685 iudice
554 3623 700 3703 optinere,
731 3626 804 3686 tunc
826 3622 911 3699 irem,
941 3621 1046 3702 vtique
1068 3622 1198 3685 domum
1229 3627 1258 3684 et
1287 3623 1326 3686 de

266 3727 355 3774 vxore
376 3729 413 3774 ac
435 3712 549 3774 familia
571 3712 746 3775 ordinarem
777 3716 806 3774 et
835 3716 974 3793 tempore
1004 3711 1110 3775 debito
1138 3710 1268 3774 redirem
1298 3715 1327 3774 et

265 3801 291 3860 te
305 3800 496 3864 liberarem.¹‘
522 3800 693 3881 Respondit
707 3800 823 3864 socius:
850 3801 953 3866 „lstud
969 3799 1100 3863 fideliter
1116 3799 1302 3880 adimplebo.
1309 3815 1322 3843 ¹¹

266 3885 397 3953 Perrexit
425 3889 465 3952 ad
499 3889 632 3953 iudicem
663 3894 693 3952 et
721 3890 774 3952 ait:
812 3890 971 3955 „Domine
1001 3889 1056 3968 mi,
1090 3889 1208 3952 amicus
1239 3906 1326 3952 meus

220 3983 365 4058 incaptus
389 3983 436 4042 est
457 3983 486 4041 et
509 3979 722 4056 incarceratus;
755 3984 886 4041 mortem
910 3978 1049 4055 euadere,
1080 3981 1113 4040 ut
1135 3978 1237 4053 credo,
1262 3995 1325 4040 non

266 4071 367 4142 potest.
416 4067 448 4131 Si
472 4068 609 4148 placeret,
636 4071 752 4130 tanturn
775 4086 867 4130 vnam
892 4066 1074 4148 peticionem
1098 4071 1167 4129 ate
1191 4069 1270 4146 peto,
1288 4070 1327 4128 ‘ut

266 4153 290 4216 ei
312 4156 469 4221 licenciam
493 4156 589 4235 dares,
613 4156 699 4237 quod
724 4157 835 4220 rediret
856 4156 896 4219 ad
920 4155 1050 4217 domum
1074 4173 1170 4232 suam,
1202 4158 1235 4217 ut
1257 4159 1326 4218 ante

266 4251 392 4309 mortem
415 4245 456 4308 de
478 4264 573 4309 vxore
595 4250 625 4309 et
654 4245 767 4308 familia
791 4244 882 4308 etde
905 4245 970 4307 suis
998 4243 1090 4306 rebus
1120 4243 1236 4324 aliquid
1264 4243 1326 4306 dis·

176 4372 177 4375 ’
290 4363 401 4419 Ulrich,
423 4363 562 4410 lateinische
574 4364 711 4409 Novellistik
724 4364 763 4408 des
777 4364 926 4408 Mittelalters.
1168 4368 1200 4419 1ο
