3525 5025
823 495 1066 555 -182-

409 671 480 745 emt,
509 666 578 732 aliis
602 667 644 732 ab
673 667 718 731 eis
745 665 884 731 exclusis
930 666 1013 731 Cum
1042 671 1144 731 aulem
1175 667 1356 747 quereretur
1379 665 1421 730 ab
1446 684 1484 730 eo

409 755 482 837 quis
503 760 583 822 esset
612 757 674 835 ille,
704 774 763 821 nec
792 755 844 820 ille
873 755 965 820 sciret
994 755 1039 820 eis
1068 755 1178 834 dicere,
1210 755 1341 836 quilibet
1370 773 1484 818 eorum

354 868 397 916 ιω
410 845 533 910 dicebat
554 861 588 910 se
610 845 782 926 legitimum
811 844 956 908 heredem
981 850 1010 908 et
1032 845 1154 909 volebat
1183 862 1233 908 res
1255 862 1368 908 omnes
1392 861 1485 908 occu-

410 952 492 1016 pare
525 933 703 999 Trahuntur
723 934 763 998 ad
785 933 950 1014 iudicium,
977 932 1072 1014 iudex
1094 933 1146 997 dat
1168 934 1256 998 istam
1280 932 1486 1012 sentenciam:

409 1022 497 1105 quod
520 1027 605 1105 pater
627 1027 770 1088 mortuus
793 1023 938 1103 ligaretur
959 1023 998 1086 ad
1022 1024 1175 1101 arborem,
1198 1027 1229 1087 et
1242 1022 1328 1104 quod
1350 1022 1488 1102 quilibet

410 1111 535 1176 haberet
563 1130 668 1177 arcum
692 1116 722 1176 et
743 1112 893 1193 sagittam,
924 1116 954 1176 et
982 1112 1036 1193 qui
1066 1111 1178 1176 melius
1207 1115 1381 1193 percuteret
1412 1129 1486 1176 eurn

409 1200 548 1266 medium
584 1200 781 1265 hereditatem
820 1201 954 1265 haberet
1014 1200 1098 1264 Cum
1133 1205 1234 1265 autem
1269 1201 1336 1266 duo
1372 1217 1486 1265 eorum

354 1315 397 1362 am
410 1291 571 1355 traxissent
592 1294 623 1354 et
649 1288 739 1354 valde
762 1290 879 1354 fortiter
908 1307 1021 1370 corpus
1052 1290 1231 1368 infixissent,
1261 1290 1377 1354 tercius
1409 1289 1489 1352 dixit

410 1378 497 1461 quod
521 1396 681 1459 nunquam
704 1378 744 1442 ad
767 1383 883 1460 patrem
900 1395 991 1444 suum
1016 1379 1154 1458 traheret,
1177 1379 1241 1457 sed,
1263 1379 1289 1442 si
1313 1379 1388 1460 quis
1412 1397 1486 1442 eum

408 1467 450 1532 de
464 1473 565 1532 cetero
581 1471 757 1549 percuteret,
781 1485 845 1532 non
861 1467 991 1549 impune
1008 1468 1116 1546 fieretp
1129 1472 1159 1531 et
1174 1468 1234 1533 hoc
1256 1467 1364 1532 dicens
1381 1467 1488 1532 flebat

409 1555 497 1621 Tunc
518 1555 613 1636 judex
634 1555 781 1637 iudicavit
802 1574 874 1620 eum
894 1574 1002 1620 verum
1026 1556 1170 1624 heredem
1195 1561 1225 1620 et
1245 1557 1324 1621 alios
1346 1556 1487 1638 spurios,

409 1645 483 1726 quia
504 1646 650 1710 naturalis
672 1645 833 1710 instinctus
855 1645 887 1708 in
911 1645 1128 1726 compassione
1151 1646 1245 1728 patris
1268 1664 1341 1708 eum
1364 1645 1488 1709 adhoc

354 1757 397 1806 m
411 1733 601 1816 impellebat;
632 1733 716 1799 unde
742 1738 869 1816 propter
897 1735 957 1798 hoc
986 1734 1152 1814 vulgariter
1178 1735 1289 1798 dicitur
1316 1734 1413 1816 quod.
1432 1752 1488 1798 cor

410 1841 474 1888 non
498 1824 650 1889 mentitur.
1202 1845 1204 1848 ·
1396 1865 1399 1874 .

815 1975 864 2029 rr.
912 1965 966 2047 [=
991 1965 1021 2031 s.
1051 1966 1133 2046 rsa]

497 2089 610 2155 Audivi
635 2092 696 2157 hoc
715 2091 890 2172 exemplum
914 2109 933 2154 a
956 2091 1102 2171 magistro
1123 2091 1276 2156 Nicholao
1296 2091 1336 2155 de
1355 2091 1484 2167 Flavini,

408 2179 640 2262 archiepiscopo
657 2181 892 2262 Bysuntino,'in
909 2180 1115 2258 sermonibus,
1139 2179 1234 2259 quod,
1257 2199 1329 2243 cum
1351 2181 1484 2261 quidam

409 2269 625 2350 paterfamilias
641 2270 768 2333 unicum
783 2269 883 2332 filium
901 2286 993 2332 suum
1009 2269 1134 2349 egregie
1149 2269 1323 2347 maritasset,
1346 2269 1483 2347 ditasset,

354 2381 396 2427 ars
410 2363 440 2422 et
466 2358 559 2423 bonis
588 2358 654 2423 suis
681 2376 714 2423 se
744 2359 905 2440 spoliasset
938 2375 1010 2421 curn
1046 2357 1246 2434 investiendo,
1281 2376 1352 2422 cunr
1383 2358 1484 2422 factus

410 2451 489 2511 esset
511 2447 685 2530 decrepitus
707 2452 737 2511 et
759 2447 912 2527 infirmus,
936 2447 1097 2529 instigante
1112 2464 1216 2525 uxore,
1240 2447 1358 2528 positus
1381 2447 1483 2511 estin

408 2536 559 2602 vilissimo
583 2538 653 2601 loco
675 2538 798 2615 domus,
823 2553 916 2618 quam
940 2537 1007 2618 ipse
1029 2536 1230 2614 edificaverat,
1254 2541 1283 2599 et
1304 2537 1355 2599 vix
1379 2538 1484 2618 potuit

409 2625 562 2690 haberea
590 2626 658 2690 filio
680 2626 767 2690 duas
801 2627 891 2690 ulnas
913 2626 953 2690 de
981 2625 1112 2704 burello,
1148 2644 1213 2705 quo
1243 2626 1416 2707 operiretur
1451 2628 1481 2689 in

410 2715 528 2796 hyeme
575 2715 657 2779 Puer
684 2720 786 2779 autem
817 2715 953 2796 quidam,
983 2714 1068 2779 filius
1097 2714 1163 2792 filii,
1194 2733 1286 2795 quern
1315 2716 1483 2779 tenerrime

354 2828 395 2875 mo
411 2809 496 2884 pater
517 2804 673 2884 diligebat,
708 2806 769 2869 hoc
796 2809 915 2883 notans,
950 2803 1050 2882 flebat,
1085 2807 1114 2867 et
1143 2803 1263 2868 dicebat
1294 2804 1380 2885 quod
1412 2822 1482 2869 non

410 2897 540 2957 cessaret
562 2894 620 2956 nisi
645 2898 729 2975 pater
759 2911 836 2957 suus
866 2893 951 2957 daret
972 2893 1031 2957 sibi
1062 2892 1141 2957 duas
1171 2894 1259 2957 ulnas
1289 2892 1329 2956 de
1355 2894 1482 2959 burello

408 2982 486 3046 sicut
507 2981 634 3046 dederat
656 2982 732 3064 patri
739 3004 747 3060 ;
778 3000 840 3062 que
862 2982 985 3047 cumei
1013 2981 1083 3046 date
1110 2987 1219 3060 essent,
1250 3000 1328 3063 puer
1349 2984 1482 3064 compli-

408 3072 486 3134 cavit
508 3075 539 3135 et
560 3071 720 3153 reposuit,
736 3071 842 3135 dicens
864 3071 951 3151 quod
984 3071 1065 3135 idern
1089 3071 1201 3135 faceret
1231 3071 1295 3152 ipse
1318 3072 1394 3152 patri
1418 3090 1481 3137 suo

407 3178 479 3223 cunr
502 3178 598 3224 senex
627 3165 707 3225 esset
729 3165 763 3225 ut
784 3160 914 3225 faciebat
944 3162 1010 3242 ipse
1037 3159 1112 3242 patri
1142 3177 1210 3239 suo,
1240 3160 1317 3223 dans
1344 3161 1371 3223 ei
1400 3160 1481 3241 duas

353 3271 395 3319 am
410 3249 499 3313 ulnas
520 3250 559 3313 ad
583 3249 836 3331 cooperiendum.

790 3400 840 3457 12.
865 3405 867 3408 ·
889 3392 943 3472 [=
968 3391 998 3455 s.
1027 3392 1108 3472 mn]

498 3516 580 3581 Cum
604 3535 664 3598 ego
687 3516 875 3599 predicarem
892 3535 1013 3581 crucem
1032 3516 1120 3599 'apud
1143 3517 1352 3582 verzeliacum
1373 3523 1481 3582 contra
1606 3528 1607 3567 ἒ

409 3606 558 3670 hereticos
580 3606 771 3686 Albigenses,
795 3607 910 3671 dictum
935 3607 992 3669 luit
1007 3606 1082 3670 mihi
1105 3626 1124 3670 a
1147 3605 1289 3687 pluribus
1312 3606 1366 3688 qui
1390 3607 1479 3671 illum

409 3695 567 3758 hominem
600 3695 642 3759 ibi
674 3695 824 3775 viderunt,
859 3701 893 3759 ut
915 3695 1065 3774 dicebant,
1100 3699 1129 3759 et
1159 3695 1246 3758 multi
1276 3695 1307 3759 in
1336 3695 1481 3777 pluribus
1606 3756 1607 3761 ,

408 3784 484 3849 locis
506 3784 649 3848 dixerunt
671 3784 747 3849 mihi
763 3803 801 3849 eo
824 3789 964 3866 tempore
979 3785 1138 3849 hominem
1162 3784 1284 3863 vidisse,
1308 3785 1362 3865 qui
1386 3785 1480 3849 habe·
1606 3780 1607 3855 l

353 3890 395 3937 aso
409 3873 460 3938 bat
483 3873 650 3938 maximum
675 3878 705 3937 et
725 3874 907 3938 horribilem
931 3873 1081 3938 bufonem
1107 3874 1138 3936 fn
1162 3872 1246 3952 facie,
1278 3873 1477 3939 adherentem

407 3963 444 4041 ei,
468 3967 498 4027 et
519 3967 701 4043 suggentem
724 3980 796 4025 eum
813 3962 892 4026 inter
906 3963 1023 4039 oculos,
1047 3967 1076 4026 et
1099 3962 1193 4044 pedes
1216 3980 1291 4026 suos
1314 3963 1477 4027 habentem
1606 3970 1607 4041 ζ

408 4051 576 4115 hincinde
599 4052 630 4113 in
661 4051 750 4130 genis
780 4051 859 4130 ejus;
896 4069 988 4130 quem
1013 4052 1038 4115 si
1068 4051 1221 4115 laboraret
1242 4052 1354 4131 aliquis
1376 4052 1416 4115 ab
1441 4071 1478 4117 eo
1606 4044 1607 4083 ³

407 4144 554 4213 excutere,
588 4139 767 4201 mirabiliter
796 4140 894 4201 homo
926 4138 1025 4202 dictus
1056 4141 1255 4203 cruciabatur.
1303 4139 1372 4218 Sed,
1405 4142 1478 4221 quia
1606 4204 1607 4221 ,

404 4225 519 4286 sciebat
534 4225 620 4284 illurn
638 4224 680 4284 ibi
696 4241 763 4285 esse
778 4224 886 4285 divino
900 4223 1026 4300 judicio,
1047 4226 1187 4288 visitabat
1207 4227 1274 4289 loca
1290 4232 1476 4305 sanctorum,
