3525 5025
702 484 923 541 ..71-

296 659 440 734 estunam
456 673 581 735 paruam
599 654 782 735 peticionem
798 659 856 718 ate
872 659 972 736 peto.¹⁴
999 654 1063 729 Qui
1079 656 1132 717 ait:
1151 655 1345 736 „Proponasr

233 763 286 807 135
299 746 331 807 Et
354 744 377 806 si
405 748 448 807 est
476 744 569 807 michi
605 744 764 824 possibile,
799 744 930 807 libenter
959 743 1167 824 adimplebo.¹⁴
1215 745 1255 809 nt
1284 745 1347 809 illa:

300 832 433 897 ‚corson
453 833 506 896 tibi
530 833 618 913 quod
641 833 744 895 adhuc
759 850 823 895 non
842 832 980 914 concepi,
1003 851 1099 913 quare
1122 834 1252 897 multum
1276 852 1346 897 sunt

297 921 423 985 desolata.
450 923 582 985 Tantum
599 922 724 985 unicum
740 922 839 984 tilium
857 922 951 985 babes
968 922 999 984 in
1015 920 1195 1002 longinquis
1210 924 1348 1003 partibus

297 1030 356 1073 curn
378 1012 447 1073 ‚vll
470 1012 631 1091 magistris,
655 1029 749 1091 quern
773 1029 878 1074 meum
910 1015 1019 1091 reputo
1047 1010 1157 1074 tilium.
1204 1010 1293 1092 Rogo
1317 1018 1349 1075 vt

298 1118 394 1179 proco
408 1101 514 1178 mittas,
538 1106 572 1162 ut
586 1100 626 1163 de
642 1100 708 1163 eius
724 1100 881 1181 presencia
905 1100 1021 1181 possim
1037 1100 1181 1180 gaudere,
1204 1118 1347 1181 quosque

237 1208 283 1252 uo
299 1190 364 1269 deus
377 1189 538 1253 visitauerit
553 1204 631 1252 met
663 1190 703 1251 At
726 1189 788 1253 ilie:
815 1190 896 1269 „Jam
912 1193 984 1253 sunt
1006 1189 1079 1251 anni
1103 1189 1198 1267 .xvt.,
1221 1208 1259 1253 ex
1283 1208 1347 1271 quo

299 1298 358 1341 eum
390 1297 450 1341 non
485 1279 559 1342 vidi.
615 1278 679 1340 Fiet
711 1282 763 1340 tua
797 1278 936 1359 peticio!
993 1277 1098 1342 Statim
1130 1278 1241 1343 litteras
1274 1278 1346 1343 .Vll.

298 1368 431 1447 magistris
453 1369 571 1445 fecerat,
594 1367 689 1430 anulo
704 1385 763 1443 suo
786 1367 927 1447 signatas,
951 1366 1038 1447 quod
1061 1366 1121 1431 sub
1144 1385 1225 1448 pena
1240 1368 1347 1431 mortis

296 1457 413 1520 infesto
436 1456 651 1520 penthecostes
673 1455 772 1519 lilium
797 1474 888 1519 suurn
912 1456 1046 1519 adeum
1070 1455 1225 1521 ducerent
1259 1456 1346 1520 Nun-

295 1546 352 1608 cius
382 1564 452 1609 vero
486 1547 599 1609 litteras
633 1546 746 1626 recepit
779 1549 808 1608 et
841 1544 921 1609 viam
955 1545 1137 1623 ambulauit,
1176 1544 1277 1609 donec
1306 1546 1345 1609 ad

239 1654 279 1697 us
297 1635 443 1714 megistos
458 1635 549 1713 venit,
573 1653 666 1715 quern
690 1635 862 1698 cumomni
886 1634 1058 1715 graciarum
1081 1634 1201 1697 actione
1225 1652 1346 1716 recepe·

296 1728 365 1786 runt
397 1725 475 1788 Cum
500 1742 576 1787 vero
599 1724 710 1787 litteras
726 1723 871 1803 legissent
893 1727 922 1786 et
945 1723 1131 1787 voluntatem
1156 1723 1347 1805 imperatoris

291 1813 433 1891 vidissent,
449 1814 479 1875 in
492 1813 674 1894 crepusculo
690 1813 788 1876 noctis
799 1813 900 1876 stellas
916 1812 1100 1875 firmamenti
1117 1817 1345 1893 perspexerunt,

291 1902 317 1963 si
337 1903 483 1983 expediret
505 1902 677 1966 secundum
700 1905 839 1964 tenorem
870 1901 1036 1964 litterarum
1067 1918 1198 1982 puerum
1221 1902 1344 1967 ducere.

291 1990 375 2053 Clare
395 1992 423 2054 in
446 1992 541 2055 stellis
556 1991 700 2054 viderunt
714 1990 809 2071 quod,
833 1991 858 2053 si
883 2008 1014 2071 puerum
1031 1994 1170 2070 tempore
1191 1991 1345 2070 assignato

242 2097 278 2141 rso
291 2098 352 2143 non
373 2081 522 2159 ducerent,
545 2098 655 2143 omnes
677 2080 774 2161 capita
797 2080 1007 2143 ammitterent.
1047 2078 1135 2143 Tunc
1148 2080 1188 2141 ait
1203 2080 1347 2160 magister

291 2168 449 2249 Cleophas:
476 2170 546 2235 „De
569 2168 695 2232 duobus
718 2170 807 2232 maiis
827 2170 930 2232 minus
954 2168 1068 2231 maium
1093 2173 1137 2231 est
1159 2168 1345 2249 eligendum.

291 2258 394 2322 Melius
421 2264 466 2322 est
496 2263 530 2321 ut
559 2276 669 2322 omnes
699 2258 869 2321 moriamur
901 2276 994 2337 quam
1029 2256 1116 2337 quod
1147 2275 1224 2338 puer
1252 2258 1344 2322 vitam

288 2348 433 2410 ammittat
479 2348 553 2411 ideo
580 2348 711 2411 consulo
739 2351 772 2409 ut
793 2347 886 2409 vitam
915 2347 1001 2427 pueri
1029 2346 1213 2409 saluemus.‘¹
1262 2346 1344 2411 Cum

289 2444 381 2499 essent
411 2438 455 2501 sic
485 2436 664 2514 contristati,
695 2454 773 2518 puer
802 2437 841 2499 de
871 2454 990 2499 camera
1020 2434 1179 2499 deseendit
1208 2435 1346 2518 viditque

243 2542 277 2586 us
291 2529 442 2606 magistros
471 2545 547 2590 suos
583 2526 744 2590 desolatos.
797 2525 931 2589 Causam
966 2530 1046 2589 tante
1080 2525 1203 2589 tristicie
1231 2527 1272 2589 ab
1302 2527 1346 2590 eis

289 2617 420 2694 quesiuit.
466 2616 506 2680 nt
529 2616 585 2678 illi:
611 2615 777 2692 „Domine
803 2615 935 2678 nuncius
959 2634 996 2677 ex
1019 2619 1102 2696 parte
1126 2615 1218 2695 patris
1241 2615 1285 2678 tui
1305 2615 1344 2678 ad

290 2722 343 2768 nos
361 2706 442 2769 uenit
464 2724 535 2769 cum
561 2704 672 2780 litteris,
697 2710 730 2767 ut
752 2705 783 2767 in
801 2703 1002 2767 Pentnecoste
1016 2709 1047 2766 te
1069 2703 1108 2766 ad
1125 2707 1240 2784 patrem
1257 2708 1344 2767 tuum

289 2792 392 2857 ducere
424 2795 602 2858 debeamus.
655 2793 754 2874 Super
789 2794 849 2856 hoc
882 2793 1111 2855 firmamentum
1143 2793 1343 2874 respeximus,

290 2882 338 2944 ubi
359 2884 434 2947 clare
456 2883 599 2947 videmus
622 2881 717 2962 quod,
747 2883 773 2944 si
796 2886 935 2963 tempore
957 2881 1111 2962 assignato
1135 2887 1163 2944 te
1190 2882 1266 2963 patri
1291 2887 1344 2947 tuo

246 2984 278 3029 no
291 2978 497 3050 presentamus,
514 2973 545 3034 in
559 2971 661 3052 primo
673 2972 777 3049 verbo,
793 2970 879 3050 quod
896 2970 935 3034 ab
945 2989 999 3034 ore
1011 2975 1064 3034 tuo
1077 2971 1168 3034 fuerit
1182 2972 1344 3051 prolatum,

291 3066 379 3124 morte
392 3062 567 3143 turpissima
582 3061 642 3123 eris
653 3060 910 3141 condempnatus,
927 3065 956 3122 et
970 3061 995 3123 si
1013 3078 1076 3122 non
1093 3064 1121 3122 te
1138 3060 1190 3122 illo
1206 3064 1344 3142 tempore

291 3155 497 3227 presentamus,
521 3151 560 3213 ad
585 3153 715 3213 mortem
740 3167 799 3213 nos
814 3149 1031 3229 condempnati
1048 3148 1191 3212 erimus.u
1227 3150 1266 3212 At
1281 3151 1343 3214 ille:

294 3238 541 3302 ‚Firmamentum
557 3257 627 3301 cum
643 3238 738 3302 stellis
761 3238 866 3301 videre
890 3239 990 3302 volut
1031 3240 1066 3300 Et
1088 3239 1132 3302 sic
1154 3239 1267 3302 iactum
1291 3245 1343 3304 est

292 3324 366 3388 Cum
386 3347 459 3392 vero
471 3328 682 3409 perspexisset,
698 3329 778 3391 clare
793 3328 870 3391 vidit
886 3328 972 3408 quod
986 3329 1120 3408 magistri
1137 3346 1244 3391 verum
1260 3329 1344 3391 dixe-

249 3425 281 3470 tu
293 3419 363 3477 runt
383 3418 442 3481 Sed
454 3436 526 3481 cum
536 3417 638 3480 vileris
650 3417 860 3498 perspexisset,
877 3418 953 3480 vidit
963 3418 993 3480 in
1007 3418 1140 3498 quadam
1154 3437 1249 3498 parua
1260 3419 1345 3482 stella

293 3505 376 3584 quod,
398 3508 422 3570 si
446 3525 502 3588 per
524 3507 597 3570 .th.
615 3507 681 3570 dies
696 3507 735 3570 ab
759 3507 845 3570 omni
869 3509 965 3571 verbo
989 3507 1152 3571 abstineret
1176 3507 1262 3588 quod
1279 3526 1342 3571 non

293 3588 462 3675 loqueretur,
486 3596 578 3658 vitam
595 3613 682 3658 suam
700 3596 832 3674 baberet,
855 3600 956 3659 tamen
978 3597 1063 3660 omni
1080 3596 1131 3659 die
1153 3597 1192 3659 ad
1216 3614 1344 3678 suspen-

294 3676 370 3743 dium
385 3684 543 3748 duceretur
558 3689 587 3746 et
602 3702 672 3747 cum
689 3685 866 3748 difficultate
881 3686 1057 3748 saluaretur.
1090 3686 1253 3766 Magistros
1269 3703 1344 3750 suos

295 3772 401 3863 locauit
421 3780 449 3836 et
470 3774 523 3836 ait:
552 3774 738 3852 „Karissimi
762 3793 831 3837 ecce
853 3774 983 3854 stel-(Bl.
1008 3774 1144 3854 t40r.)la
1167 3773 1218 3837 illa
1241 3793 1343 3856 parua,

255 3864 324 3915 rrum
345 3876 400 3937 qua
420 3864 490 3925 satis
513 3866 615 3943 aperte
639 3862 768 3926 habetur
790 3864 884 3943 quod,
912 3864 938 3926 si
961 3865 1001 3928 ab
1024 3864 1110 3926 omni
1134 3863 1230 3926 verbo
1253 3863 1344 3928 absti-

296 3959 382 4010 nuero
403 3970 455 4031 per
478 3951 549 4016 .Vll.
573 3952 647 4030 dies,
671 3953 762 4014 vitam
788 3970 887 4014 meam
912 3953 1042 4016 habebo.
1088 3953 1152 4015 Vos
1173 3952 1246 4015 estis
1270 3954 1342 4016 .Vll.

299 4036 429 4113 magistu
452 4059 561 4121 parum
585 4045 630 4104 est
652 4041 777 4104 cuilibet
791 4046 925 4104 vestrum
949 4059 1019 4104 eum
1036 4041 1188 4121 sapiencia
1211 4058 1267 4104 sua
1282 4061 1344 4107 vno
1451 4096 1454 4103 .

298 4118 341 4182 die
362 4143 405 4191 me
427 4130 553 4193 saluere.
594 4130 661 4209 Ego
684 4148 759 4192 vero
775 4134 886 4194 octauo
910 4129 960 4192 die
984 4130 1094 4208 loquar
1108 4133 1138 4192 et
1160 4147 1219 4192 uos
1235 4148 1344 4196 omnes

300 4224 352 4272 vna
381 4234 494 4282 mecum
529 4219 757 4282 saluabimini.¹‘
817 4218 968 4298 Magistri,
1003 4235 1073 4280 curn
1110 4217 1226 4280 stellam
1262 4219 1344 4283 illam
