3525 5025
705 489 950 545 —207-

217 678 274 724 150
291 659 352 723 ibi:
389 659 494 724 Nolite
523 659 656 740 cogitare
688 659 728 724 de
757 660 912 724 crastino?
950 659 1056 734 Quare
1086 678 1162 740 ergo
1192 660 1361 742 deposuisti

290 750 467 830 saponem?
493 748 674 830 Respondit:
698 748 782 823 Quia
796 749 939 813 volebam
956 749 1112 830 deponere
1123 749 1360 813 sollicitudinem

290 842 324 904 et
345 837 490 902 nolebam
514 837 655 918 cogitare.

383 925 467 990 Idem
509 926 683 990 febricitans
722 926 840 990 sitiebat
874 925 991 1003 vinum,
1033 927 1106 1007 quia
1145 926 1269 991 nolebat
1302 927 1360 992 sibi

291 1014 466 1080 ministrare
497 1015 642 1097 physicus
670 1016 738 1079 sine
767 1033 855 1095 aqua.
916 1015 1004 1079 Tunc
1033 1015 1085 1079 ait:
1121 1015 1233 1080 Saltem
1264 1017 1363 1080 velitis

224 1123 277 1169 155
293 1105 382 1185 quod
407 1105 509 1186 primo
532 1104 636 1167 bibam
659 1104 776 1181 vinum,
801 1108 871 1186 post
885 1121 1007 1184 aquam.
1043 1106 1079 1167 Et
1093 1105 1251 1170 concessit
1286 1105 1362 1180 Quo

292 1195 414 1271 hausto,
437 1193 537 1258 noluit
558 1211 669 1273 aquam
694 1193 808 1272 bibere,
832 1193 952 1257 dicens:
975 1191 1049 1257 Non
1073 1193 1151 1257 sitio.

384 1282 477 1360 ldem,
513 1300 617 1346 coram
648 1281 758 1346 abbate
787 1281 925 1362 quodam
948 1281 989 1344 de
1012 1281 1126 1362 frigore
1150 1282 1265 1364 pedum
1289 1301 1362 1346 con-

292 1389 436 1451 querens,
466 1370 584 1435 audivit
610 1372 649 1434 ab
672 1371 782 1434 abbate
805 1371 891 1451 quod
915 1370 989 1434 tales
1012 1371 1127 1434 fiebant
1148 1372 1229 1436 socci
1254 1372 1285 1434 in
1308 1372 1362 1435 ab·

293 1460 382 1538 batia,
405 1478 486 1541 quos
509 1460 563 1540 qui
587 1460 726 1538 babebat,
750 1478 814 1523 non
829 1459 929 1540 frigus
945 1459 1083 1523 habebat.
1131 1460 1261 1541 Rogavit
1275 1461 1361 1541 quod

226 1568 278 1614 roo
295 1549 425 1613 mitteret
454 1549 495 1626 ei;
529 1553 559 1612 ef
588 1549 669 1612 misit
691 1549 718 1612 ei
742 1554 874 1612 stramen
898 1548 1003 1611 album
1028 1551 1107 1614 bene
1129 1548 1280 1614 fricatum.
1328 1551 1364 1612 Et

292 1638 442 1719 deinceps
465 1637 577 1701 habere
600 1638 699 1702 noluit
721 1638 795 1702 tales
817 1655 933 1702 soccos.

679 1786 705 1850 r.
753 1781 971 1864 [=s.124.1

384 1907 467 1971 ldem
502 1907 618 1987 [comes
640 1907 859 1988 Theobaldusl,
895 1906 1013 1971 habens
1042 1925 1145 1971 coram
1177 1925 1210 1971 se
1234 1907 1360 1970 militem

293 1996 516 2078 supplicantem
548 2014 620 2060 curn
653 1996 708 2076 [ut]
737 1996 855 2076 juvaret
886 1996 925 2059 ad
951 1995 1154 2058 maritandum
1178 1996 1259 2060 filias
1280 2014 1363 2074 suaS,

294 2102 365 2148 eum
389 2085 496 2149 decem
519 2085 651 2162 haberet,
675 2085 813 2165 cogitans
835 2085 934 2150 tacuit
980 2084 1077 2159 Quod
1100 2085 1210 2149 videns
1233 2085 1360 2166 quidam

235 2175 391 2239 maborno
414 2191 490 2238 suus
512 2173 689 2256 ditissimus,
713 2191 821 2238 servus
841 2174 958 2254 proprii
975 2173 1088 2254 capitis,
1111 2191 1183 2238 eum
1199 2176 1362 2253 excusavit,

295 2263 402 2327 dicens
424 2262 512 2343 quod
536 2281 600 2327 non
624 2263 756 2326 habebat
777 2262 870 2327 unde.
924 2263 1015 2326 Miles
1035 2268 1138 2326 autem
1162 2267 1197 2326 ut
1219 2262 1365 2344 indigens

267 2351 491 2438 'devotissime
525 2351 725 2433 supplicabat.
789 2352 896 2415 Homo
926 2355 1027 2414 autem
1058 2352 1109 2415 ille
1140 2352 1226 2432 quod
1257 2371 1363 2416 comes

295 2459 359 2505 non
383 2440 515 2505 habebat
536 2439 677 2504 ferociter
700 2440 871 2523 replicabat
918 2440 1005 2504 Tunc
1028 2459 1133 2506 cornes
1149 2441 1250 2504 militi:
1275 2443 1363 2504 Men-

295 2532 375 2609 titur,
399 2532 472 2611 quia
494 2531 559 2612 ipse
583 2531 684 2611 ipsum
709 2531 809 2595 habeo
832 2530 870 2593 ad
896 2529 1042 2609 dandum,
1066 2531 1120 2612 qui
1144 2548 1252 2594 servus
1274 2548 1365 2594 meus

237 2634 280 2679 rro
296 2624 353 2699 est;
389 2624 419 2683 et
453 2622 555 2701 ipsum
590 2620 645 2683 libi
680 2620 731 2683 do.
793 2619 923 2688 Redime
953 2621 1032 2683 bene
1062 2638 1142 2698 eum,
1178 2620 1250 2699 quia
1284 2620 1364 2683 bene

295 2708 425 2773 habebis
439 2709 545 2773 decern
559 2708 643 2772 milia
655 2708 802 2771 librarum
819 2707 858 2771 ad
873 2713 941 2771 tuas
956 2709 1061 2772 decern
1075 2708 1154 2772 filias
1170 2708 1363 2771 maritandas.

295 2797 387 2861 Miles
409 2798 506 2861 statim
532 2816 602 2861 eum
622 2798 709 2879 cepit,
734 2802 763 2860 et
781 2797 861 2860 filias
880 2797 1056 2861 maritavitt

683 2944 712 3002 a.
762 2937 980 3018 [=s.rs4.1

385 3063 502 3127 Comes
536 3062 735 3127 Theobaldus
776 3067 943 3125 consuetus
984 3065 1047 3125 erat
1087 3080 1209 3143 semper
1243 3062 1365 3126 visitare

297 3171 394 3216 unum
439 3152 596 3233 leprosum
634 3152 879 3232 quotiescunque
918 3150 1089 3215 declinabat
1125 3152 1165 3214 ad
1203 3151 1363 3232 quoddam

157 3243 158 3258 ¹
242 3265 283 3310 us
297 3260 389 3306 suurn
413 3242 594 3319 manerium,
616 3246 647 3305 et
661 3240 852 3305 confortabat
867 3257 948 3304 eum.
995 3240 1138 3314 Quadam
1154 3240 1213 3318 die,
1237 3242 1366 3305 veniens

298 3350 353 3413 per
382 3331 494 3407 locum,
529 3331 645 3393 intrans
679 3330 817 3409 domum,
853 3330 984 3394 occurrit
1012 3330 1161 3411 leprosus,
1188 3330 1365 3395 dulcissime

296 3420 459 3499 alloquens
492 3437 574 3504 eum.
634 3420 670 3482 Et
704 3419 816 3496 exiens,
850 3438 868 3481 a
904 3419 1022 3499 populo
1044 3418 1227 3483 acclamante
1249 3420 1366 3482 audivit

296 3510 398 3590 ipsum
430 3526 529 3588 nuper
556 3513 712 3572 mortuum
744 3513 772 3571 et
801 3508 955 3588 sepultum
962 3528 970 3585 ;
1009 3512 1037 3571 et
1059 3508 1104 3571 sic
1126 3508 1273 3587 cognovit
1296 3508 1366 3572 loco

298 3598 396 3681 ipsius
418 3597 572 3661 invenisse
588 3596 755 3662 Christum.
802 3598 839 3660 Et
861 3595 932 3659 ideo
955 3596 994 3659 ad
1018 3596 1203 3660 visitandum
1225 3597 1367 3679 leprosos

245 3707 284 3753 rso
298 3692 328 3751 et
349 3704 500 3768 pauperes
522 3686 663 3751 devotior
686 3691 730 3750 est
752 3686 887 3749 effectus.

685 3834 712 3892 9.
761 3827 979 3909 1=s28a1

386 3954 524 4030 Quidam
562 3954 719 4031 hereticus,
765 3952 874 4016 videns
905 3953 1086 4034 episcopum
1129 3950 1364 4015 christianorum

300 4045 445 4109 miracula
466 4043 635 4121 facientem,
658 4059 747 4106 cecos
770 4042 1002 4119 illuminantem,
1026 4044 1056 4105 et
1074 4039 1184 4105 dolens
1199 4039 1285 4120 quod
1302 4057 1366 4102 non

299 4134 456 4198 dicebatur
485 4131 571 4213 quod
601 4131 766 4214 episcopus
789 4131 992 4195 hereticorum
1016 4130 1134 4206 faceret,
1159 4130 1199 4192 ita
1221 4128 1367 4192 miracula

298 4224 376 4287 sicut
407 4223 494 4301 alius,
528 4221 617 4284 finxit
646 4238 752 4284 cecum
787 4240 842 4303 per
872 4220 1004 4283 multum
1032 4224 1161 4300 tempus,
1192 4218 1368 4282 discurrens
