3525 5025
676 503 898 559 -83-

279 672 367 735 diviua
386 674 486 737 audiui
509 679 540 736 et
562 692 633 737 cum
657 673 955 737 1111111110111111111.1
1003 673 1054 737 nir
1076 672 1177 737 miles:
1204 672 1317 738 ‚Mrem

279 762 345 825 bene
372 763 461 842 placet
490 768 524 827 ul
554 763 641 826 omni
673 763 722 825 die
752 762 792 825 de
815 780 905 825 mane
929 762 1032 843 primo
1054 779 1165 841 queras
1188 780 1318 842 regnum

279 850 345 913 dei·
379 851 448 915 Post
469 852 530 915 hoc
552 852 612 915 cito
636 851 723 915 miles
745 851 784 914 ad
809 851 996 931 uenandum,
1019 852 1097 915 sicut
1117 850 1226 915 solitus
1248 856 1319 927 erat,

279 941 396 1018 perrexit
451 941 588 1004 Domina
619 959 693 1004 vero
724 940 801 1003 dixit
831 940 986 1005 ortulano:
1024 940 1216 1019 „Karissime
1251 958 1320 1003 ecce

231 1033 381 1107 uiolentus,
413 1034 441 1091 et
473 1031 621 1093 dominus
654 1048 742 1092 meus
775 1030 807 1092 in
841 1029 975 1092 aduentu
1006 1048 1065 1093 suo
1095 1028 1227 1109 frigidus
1256 1029 1320 1091 erit

279 1117 373 1179 Ortum
396 1118 543 1182 intremus
565 1122 594 1181 et
620 1118 723 1199 aliqua
746 1119 829 1199 ligna
850 1117 981 1195 succide,
1012 1136 1151 1199 perque
1173 1118 1321 1182 dominus

278 1224 350 1269 meus
370 1207 497 1270 calefieri
521 1208 651 1287 possitl¹¹
700 1207 764 1282 Qui
787 1207 840 1270 ait:
866 1208 1009 1272 ‚Bonum
1030 1212 1102 1271 estu
1150 1206 1322 1271 Ortulamus

277 1295 390 1357 securim
420 1297 542 1377 accepit,
571 1301 672 1360 ortum
703 1297 833 1374 intrauit,
863 1296 991 1359 domina
1022 1297 1214 1377 sequebatur,
1250 1296 1322 1358 binc

277 1383 337 1447 inde
360 1385 513 1465 superflua
545 1386 700 1465 lignorum
731 1385 861 1465 collegit,
889 1384 990 1449 donec
1011 1385 1050 1449 ad
1073 1386 1215 1449 arborem
1239 1383 1320 1447 illam

230 1473 353 1549 cnvenit
374 1492 464 1553 quam
489 1474 578 1537 miles
599 1477 716 1537 tantum
740 1473 852 1538 dilexit
900 1474 985 1537 Dixit
1013 1474 1141 1538 domina
1164 1472 1321 1538 ortulano:

280 1562 431 1626 „llrborem
456 1563 543 1627 istam
566 1564 688 1626 nouiter
702 1564 866 1644 plantatam
881 1563 1039 1627 succidet*¹
1064 1564 1105 1627 nt
1126 1562 1190 1627 ille:
1216 1562 1323 1628 ‚Absit

276 1668 351 1713 ame
372 1653 429 1715 hoc
452 1654 638 1733 perpetrare!
685 1653 765 1715 Nam
788 1652 937 1717 dominus
960 1670 1047 1717 meus
1069 1653 1156 1716 istam
1179 1650 1322 1714 arborem

276 1739 334 1817 plus
354 1740 449 1821 diligit
480 1742 539 1821 (Bl.
559 1736 668 1826 1551.)
699 1760 793 1821 quam
823 1759 933 1806 omnes
963 1742 995 1805 in
1025 1746 1094 1805 orto
1124 1743 1320 1805 crescentes·

277 1827 319 1889 llla
338 1830 395 1893 hoc
414 1829 544 1893 audiens
566 1832 696 1893 securim
713 1830 753 1893 de
769 1831 913 1895 manibus
928 1830 994 1895 eius
1008 1831 1123 1912 accepit
1136 1833 1167 1894 et
1180 1829 1323 1893 arborem

232 1918 389 1982 111111111111
409 1919 538 1983 succidit
560 1924 590 1982 11
612 1920 689 1983 inter
711 1924 808 1983 cetera
823 1919 907 2000 ligna
923 1920 954 1982 in
971 1919 1074 2000 ignem
1091 1919 1202 2000 posuit
1238 1919 1325 1981 l·lora

277 2008 430 2087 vespertina
452 2007 541 2072 miles
563 2007 603 2071 de
625 2008 793 2072 venacione
815 2008 898 2071 venit
920 2008 1049 2072 totaliter
1070 2008 1211 2088 frigidus.
1258 2006 1324 2069 Do-

276 2096 346 2159 mina
372 2116 446 2161 vero
475 2098 503 2160 ei
534 2098 660 2161 obuiam
691 2097 823 2179 perrexit
852 2102 882 2160 et
912 2097 1087 2161 kathedram
1115 2097 1197 2160 iuxta
1220 2096 1324 2176 ignem

276 2186 372 2263 posuit,
394 2187 425 2247 in
448 2205 511 2266 qua
533 2205 604 2249 eum
628 2186 788 2251 collocavit
802 2186 840 2249 ad
857 2186 1105 2251 calefaciendum.
1151 2184 1234 2249 Cum
1250 2202 1324 2248 vero

276 2291 321 2350 per
340 2276 444 2338 horam
467 2275 596 2339 sedisset
617 2281 647 2339 et
668 2275 828 2339 calefactus
850 2275 965 2354 fuisset,
996 2274 1077 2339 odor
1106 2276 1261 2355 lignorum
1284 2273 1324 2336 ad

233 2376 336 2424 dueum
358 2365 503 2443 peruenit
549 2364 736 2428 Ortulanum
766 2365 887 2429 uocauit
909 2368 938 2428 et
959 2364 1012 2428 ait:
1046 2364 1239 2441 ‚Karissime
1271 2380 1327 2443 per

276 2450 390 2516 odorem
414 2454 518 2518 sencio
542 2454 628 2534 quod
651 2454 777 2518 arbores
800 2454 922 2519 nouiter
948 2453 1078 2536 plantate
1104 2456 1176 2518 sunt
1199 2452 1230 2516 in
1255 2451 1327 2532 igne

276 2539 351 2605 isto!¹
396 2544 435 2605 nt
457 2544 521 2606 ille:
547 2544 678 2620 stiriam,
698 2543 833 2630 domine,
856 2543 984 2607 arbores
999 2542 1113 2606 succidi
1129 2561 1167 2605 ex
1183 2544 1327 2622 precepto

276 2628 387 2694 domine
415 2647 510 2694 mee.a
558 2632 598 2695 Α1
631 2633 731 2696 miles:
770 2633 877 2698 „Absit
911 2637 944 2695 ul
978 2632 1071 2696 arbor
1105 2649 1172 2695 mea
1206 2629 1328 2693 nouiter

276 2719 392 2796 plantata
413 2721 452 2784 sit
475 2721 506 2783 in
531 2721 637 2801 igne!“
687 2721 824 2786 Domina
857 2721 956 2785 statim
992 2720 1162 2802 respondit:
1199 2720 1327 2796 rimmo,

235 2807 397 2888 mdomine,
420 2828 480 2890 ego
504 2810 653 2889 hocfeci,
676 2811 871 2892 perpendens
893 2809 981 2890 quod
1004 2814 1125 2890 tempus
1147 2809 1254 2872 fuisset
1274 2807 1328 2870 fri·

275 2897 380 2977 gidum,
411 2903 440 2962 et
470 2899 542 2963 ideo
571 2899 611 2962 de
640 2900 689 2962 tali
714 2900 786 2980 igne
808 2899 980 2963 ordinaui.⁴¹
1029 2898 1120 2962 Miles
1142 2915 1215 2961 vero
1238 2901 1328 2960 toruo

276 2986 349 3049 vultu
371 3007 437 3051 eam
462 2989 595 3068 respexit
617 2993 646 3051 11
666 2990 720 3052 ait:
747 2988 840 3054 „ldeo
863 2988 914 3051 dei
939 2988 1190 3051 malediccionem
1207 2986 1328 3063 habeas,

276 3093 306 3136 ex
339 3095 401 3156 quo
438 3077 553 3141 sciuisti
592 3078 678 3157 quod
717 3082 833 3140 tantum
871 3078 1015 3141 arborem
1056 3077 1137 3140 illam
1173 3075 1264 3138 dilexi
1299 3078 1329 3137 et

276 3163 473 3230 destruxistilt
524 3166 577 3229 llla
600 3167 659 3230 lroc
681 3167 810 3230 audiens
832 3167 919 3230 flevit
940 3184 1044 3229 amare
1066 3170 1096 3228 et
1117 3165 1169 3228 ait:
1201 3163 1251 3229 „O
1275 3163 1329 3227 do·

236 3253 358 3332 momine,
380 3260 505 3337 propter
528 3255 646 3318 bonum
670 3256 819 3332 hocfeci,
854 3261 883 3319 et
905 3254 976 3318 ideo
1000 3255 1205 3318 intencionem
1229 3271 1328 3316 meam

277 3341 360 3407 debes
381 3349 544 3427 acceptare.
589 3344 622 3408 Si
645 3345 802 3408 sciuissem
826 3344 913 3424 quod
937 3345 992 3408 tibi
1015 3343 1227 3424 displicuisset,
1251 3359 1330 3405 nun·

278 3448 357 3508 quam
380 3435 440 3497 hoc
461 3438 713 3513 attemptassem.¹‘
762 3434 812 3497 Ait
835 3434 935 3496 miles:
963 3433 1078 3499 „Cessa
1100 3451 1118 3496 a
1140 3432 1228 3495 fletu!
1260 3431 1329 3495 Tibi

277 3519 309 3580 ad
330 3541 450 3602 presens
474 3523 625 3585 remittor
673 3523 766 3586 blane
788 3526 889 3586 autem
913 3523 993 3586 iacto
1016 3522 1143 3586 domina
1158 3519 1288 3584 surrexit
1302 3525 1332 3584 et

277 3608 309 3670 ad
330 3613 482 3676 ecclesiam
519 3611 657 3693 perrexit.
706 3612 764 3674 Per
797 3612 878 3674 viam
915 3612 1000 3675 matri
1037 3611 1183 3675 obuiabat
1216 3613 1245 3672 et
1278 3610 1330 3672 ait:

238 3707 267 3755 m
281 3698 372 3763 „Bene
404 3702 443 3764 sit
476 3701 531 3764 tibi
567 3718 649 3764 nunc
682 3705 712 3762 et
746 3701 776 3763 in
811 3702 965 3764 eternum!
1014 3702 1083 3778 lam,
1119 3700 1202 3763 bona
1229 3702 1331 3776 mater,

277 3802 366 3852 amare
394 3791 478 3868 uolO,
511 3789 584 3869 quia
615 3789 778 3853 dominum
809 3809 914 3852 meum
946 3789 1099 3869 temptaui,
1130 3788 1209 3851 sicut
1239 3786 1332 3850 michi

278 3873 379 3957 dixisti;
408 3897 518 3960 parum
549 3877 623 3940 ileui
653 3883 683 3941 et
712 3882 809 3942 toturn
834 3878 928 3941 michi
952 3878 1077 3941 remisit.
1125 3877 1162 3938 Et
1184 3875 1255 3938 ideo
1278 3894 1334 3955 per

279 3963 359 4029 deum
389 3968 633 4048 omnipotentem
664 3968 875 4049 presbyterum
907 3966 947 4029 de
977 3970 1077 4028 cetero
1099 3983 1202 4027 amare
1225 3964 1330 4027 uolo.u

279 4052 321 4115 llil
341 4062 443 4120 mater:
470 4055 522 4123 »Ο
545 4055 618 4134 iilia,
641 4057 710 4120 licet
731 4075 820 4120 senes
842 4074 903 4118 vna
926 4055 991 4117 vice
1022 4058 1152 4134 parcant,
1182 4054 1241 4115 alia
1268 4054 1334 4115 vice

241 4150 378 4219 luperam
400 4146 559 4227 duplicant
588 4150 617 4208 et
647 4145 718 4208 ideo
747 4144 877 4207 consulo
901 4148 934 4202 ut
956 4160 1027 4202 eum
1051 4140 1153 4200 adhuc
1174 4143 1330 4214 temptes.¹¹

281 4229 341 4304 Que
361 4237 412 4298 ait:
439 4235 564 4310 „Mater
588 4232 664 4312 quid
688 4231 786 4292 dicis?
832 4229 904 4288 Non
936 4229 1043 4302 potero
1066 4223 1190 4280 ulterius
1212 4237 1334 4292 exspec-

1175 4329 1209 4380 ⁶.
