3525 5025
702 483 945 540 —tat-

287 673 345 719 eos
368 659 404 718 ¹et
437 654 594 734 incognita
622 654 662 717 ab
691 654 748 732 eis,
786 654 873 735 quod
909 653 995 735 prius
1028 653 1068 716 ad
1106 670 1211 717 curam
1245 657 1357 717 tantam

288 747 447 826 oporteret
469 762 540 807 eum
564 760 668 807 coram
684 743 775 807 fratre
794 761 853 807 suo
869 743 975 807 omnia
998 747 1119 824 peccata
1141 761 1197 806 sua
1219 742 1357 807 confiteri

288 838 319 896 et
352 850 457 899 coram
491 831 667 911 astantibus,
705 851 786 910 cum,
823 831 891 896 aliis
925 831 1086 909 confessis,
1121 832 1153 895 id
1187 831 1356 913 predictum

288 922 434 986 retineret
463 926 619 1002 peccatum
643 926 673 985 et
695 922 738 985 nil
766 921 793 985 ei
823 920 986 1003 proficeret
1013 921 1173 998 medicina,
1204 919 1281 984 dixit
1308 921 1359 984 illa

233 1029 275 1076 aas
289 1011 379 1091 quod
401 1011 504 1074 adhuc
526 1014 682 1091 peccatum
705 1011 767 1076 hoc
789 1011 959 1088 retinuerat,
983 1028 1042 1091 pro
1060 1027 1125 1091 quo
1148 1009 1269 1074 curaeio
1292 1010 1359 1090 ejus

289 1100 525 1181 impediebatur.
572 1100 673 1163 Fratre
696 1117 734 1163 eo
756 1104 948 1164 assecurante
971 1103 1000 1163 et
1023 1103 1168 1163 monente
1190 1103 1225 1163 ut
1246 1099 1360 1164 diceret

288 1189 405 1267 omnia,
428 1188 589 1252 confessus
603 1187 720 1253 dictum
743 1188 869 1267 facinus,
892 1206 910 1252 a
934 1189 1017 1270 lepra
1040 1192 1169 1252 curatur.
1207 1187 1256 1252 Ad
1281 1189 1359 1253 hanc

288 1280 404 1341 famam
428 1281 603 1341 commotus
618 1277 792 1359 imperator,
815 1277 906 1342 fratre
921 1295 980 1342 suo
995 1277 1075 1341 facto
1091 1277 1216 1359 leproso
1232 1295 1359 1359 corrup·

288 1367 419 1445 tissimo,
447 1366 607 1430 faciteam
630 1365 743 1430 adduci
766 1366 806 1430 ad
829 1385 870 1444 se,
902 1365 1124 1431 honorabiliter
1155 1383 1268 1447 rogans
1291 1384 1358 1430 eam

236 1477 275 1522 aso
289 1475 350 1538 pro
373 1455 536 1520 curacione
558 1455 606 1520 sui
630 1455 742 1518 fratris:
772 1455 822 1520 cui
850 1455 1010 1537 respondit
1036 1454 1123 1536 quod
1153 1455 1239 1520 aliter
1260 1456 1358 1520 curari

289 1563 356 1610 non
387 1548 500 1627 posset,
535 1544 592 1608 nisi
624 1545 715 1626 culpa
747 1562 804 1609 sua
837 1563 940 1608 coram
976 1545 1123 1608 omnibus
1156 1543 1358 1626 preconfessa.

288 1635 373 1699 Cum
396 1639 499 1698 autem
522 1633 580 1697 alia
603 1633 800 1698 confiteretur
814 1639 843 1697 et
859 1633 891 1696 id
907 1634 994 1714 quod
1018 1633 1050 1697 in
1074 1651 1142 1697 eam
1165 1633 1361 1698 commiserat

288 1725 432 1787 retineret
455 1741 512 1786 nec
534 1727 699 1798 curaretur,
729 1727 875 1787 monente
899 1722 988 1787 fratre
1011 1740 1082 1786 eum
1107 1728 1137 1786 et
1158 1727 1359 1800 assecurante,

287 1813 340 1876 vix
368 1812 494 1875 tandem
526 1812 689 1875 confitetur
721 1811 822 1876 scelus
852 1813 883 1875 in
919 1830 986 1875 eam
1017 1812 1230 1876 commissum.
1276 1810 1358 1874 Cum

238 1921 276 1966 ess
289 1906 393 1965 autem
422 1902 589 1982 imperator
615 1901 877 1965 inconsolabiliter
904 1919 962 1982 pro
985 1919 1020 1965 ea
1043 1899 1168 1978 doleret,
1200 1918 1263 1964 non
1288 1918 1359 1981 cog-

289 1990 450 2054 noscendo
474 2009 550 2067 eam,
574 1990 640 2072 ipsa
655 2009 727 2053 eum
746 1989 910 2069 advocans,
933 1989 1024 2054 fratre
1046 1994 1159 2068 curato,
1183 1991 1361 2070 temperavit

289 2098 362 2144 eum
385 2080 426 2143 ab
450 2079 525 2144 odio
547 2080 659 2157 fratris;
691 2083 728 2160 et,
758 2097 829 2143 cum
857 2079 884 2142 ei
913 2079 1148 2160 colloqueretur,
1181 2097 1237 2159 per
1258 2078 1360 2158 aliqua

289 2169 348 2233 sibi
372 2169 444 2232 data
466 2186 533 2232 eam
557 2185 749 2249 cognoscens
772 2168 893 2249 recepit,
916 2169 947 2230 in
971 2167 1120 2248 gaudium
1144 2167 1253 2232 dolore
1276 2185 1359 2232 com-

290 2262 417 2322 mutato.
465 2259 500 2320 Et
529 2256 731 2338 postmodum
761 2257 838 2321 facta
866 2261 912 2320 est
942 2256 1093 2334 monialis,
1128 2260 1157 2320 et
1187 2255 1360 2321 beatissime

243 2365 278 2411 no
292 2348 390 2410 Marie
412 2346 609 2410 devotissime
631 2346 763 2410 servivit.

680 2495 707 2554 s.
755 2488 863 2571 1=s
891 2487 972 2571 na]

381 2615 454 2677 ltem
487 2613 599 2678 dicitur
629 2614 729 2695 quod,
763 2633 835 2679 cum
865 2614 944 2678 alius
973 2618 1099 2695 propter
1130 2613 1236 2677 eadem
1268 2613 1361 2677 verba

289 2721 413 2768 vaccam
437 2721 525 2767 suam
541 2703 676 2768 dedisset
697 2703 847 2768 sacerdoti
863 2702 959 2782 diviti,
982 2707 1012 2767 et
1027 2703 1077 2767 ille
1093 2704 1224 2768 misisset
1239 2721 1360 2767 vaccam

290 2792 436 2874 pauperis
459 2792 519 2856 sibi
542 2791 643 2855 datam
666 2811 737 2856 cum
760 2793 825 2856 suis
848 2796 878 2856 et
900 2810 994 2873 grege
1016 2792 1154 2870 aliarum,
1178 2791 1210 2855 in
1234 2809 1360 2872 vespere

291 2883 341 2946 illa
371 2900 463 2945 vacca
490 2881 530 2945 ad
560 2882 690 2945 domum
726 2882 871 2963 pauperis
900 2898 1011 2945 omnes
1042 2881 1108 2945 illas
1137 2880 1303 2945 sacerdotis
1333 2885 1362 2943 et

243 2988 393 3052 tuusque
416 2970 456 3033 ad
479 2975 601 3034 centum
625 2970 665 3034 de
687 2970 755 3034 aliis
777 2970 914 3034 adduxit
950 2970 1035 3033 Dixit
1057 2970 1108 3033 ille
1123 2969 1209 3050 quod
1233 2970 1284 3033 illa
1300 2974 1362 3034 erat

290 3060 412 3124 solucio
436 3060 580 3141 promissi
603 3078 697 3141 quam
718 3060 806 3124 Deus
827 3059 856 3123 ei
878 3060 1002 3137 fecerat;
1026 3063 1055 3122 et
1077 3059 1122 3123 sic
1142 3058 1259 3139 judicio
1282 3060 1361 3140 epis

291 3149 361 3232 copi
385 3168 444 3230 pro
468 3148 674 3231 promissione
696 3148 863 3214 sacerdotis
877 3152 950 3212 sunt
964 3148 991 3211 ei
1007 3147 1178 3228 adiudicate
1201 3166 1262 3229 que
1278 3154 1363 3213 erant

291 3239 466 3303 sacerdotis.

662 3388 710 3442 το.
758 3379 812 3460 [=
836 3379 866 3445 s.
894 3380 979 3460 iso]

383 3506 504 3570 Dicitur
541 3505 627 3587 quod
666 3504 793 3586 quidam
835 3505 1050 3586 paterfamilias
1088 3524 1217 3571 uxorem
1256 3506 1363 3570 habuit

245 3596 471 3672 amadulteram,
495 3594 536 3658 de
558 3613 620 3676 qua
643 3594 755 3658 habere
770 3594 932 3658 videbatur
954 3600 1014 3659 tras
1036 3595 1128 3660 filios.
1163 3595 1244 3659 Cum
1261 3598 1362 3659 autem

293 3684 461 3766 aliquando
495 3684 716 3765 improperaret
749 3684 777 3747 ei
811 3688 969 3764 peccatum
1004 3702 1095 3748 suum
1131 3689 1161 3748 et
1192 3684 1364 3749 molestaret

293 3792 369 3853 eam,
404 3773 446 3835 ait
474 3772 526 3836 illa
555 3773 596 3835 ei:
638 3774 703 3838 „ut
731 3791 789 3837 vos
823 3773 960 3837 habeatis
993 3772 1135 3837 dolorem
1171 3777 1362 3855 perpetuum,

293 3862 437 3943 significo
460 3861 552 3926 vobis
578 3861 664 3943 quod
692 3862 804 3925 unicus
834 3862 963 3926 istorum
988 3863 1080 3926 tn'um
1111 3867 1210 3926 vester
1232 3866 1284 3940 est,
1312 3862 1362 3925 alii

293 3951 357 4015 duo
381 3951 523 4031 adulteri,
554 3956 591 4030 et,
621 3955 655 4014 ut
675 3970 782 4015 amore
805 3951 898 4015 unius
921 3952 1047 4016 duobus
1069 3951 1136 4015 aliis
1168 3949 1363 4032 provideatis,

246 4056 282 4103 2⁵5
295 4058 456 4122 nunquam
480 4040 580 4104 scietis
595 4040 666 4121 quis
688 4045 733 4104 est
755 4045 881 4104 vester.v
919 4041 1016 4115 Quod
1040 4059 1110 4104 cum
1134 4039 1218 4103 nulla
1242 4039 1364 4104 racione

294 4130 383 4194 vellet
407 4130 446 4192 ita
469 4130 496 4192 ei
520 4129 630 4207 dicere,
662 4148 733 4193 cum
757 4129 808 4193 ille
831 4130 862 4192 in
888 4133 986 4193 morte
1008 4129 1121 4193 faceret
1150 4133 1362 4193 testamentum

294 4236 395 4298 suum,
419 4219 497 4282 dixit
518 4218 605 4299 quod
622 4220 728 4283 omnia
743 4219 827 4283 bona
849 4237 905 4282 sua
929 4218 1121 4297 relinquebat
1143 4218 1186 4281 illi
1210 4217 1264 4299 qui
1288 4235 1364 4282 suus
