3525 5025
804 543 1048 602 -164-

755 721 804 778 19.
845 715 899 795 [=
924 716 984 778 Νο.
1011 714 1095 795 155.]

481 823 595 887 Audivi
630 823 716 903 quod
755 822 882 902 quidam
915 841 952 884 ex
987 823 1081 884 nimia
1114 821 1306 902 simplicitate
1341 822 1465 885 nolebat

393 911 433 976 ab
456 911 593 993 indignis
620 911 831 975 sacerdotibus
861 916 1047 974 sacramenta
1076 912 1218 991 recipere,
1248 915 1278 973 et
1301 911 1377 990 quia
1401 930 1463 974 non

394 1019 431 1066 ex
461 1007 541 1066 certa
575 1001 694 1064 malicia
723 1001 777 1064 sed
813 1020 850 1064 ex
886 1000 1056 1080 ignorantia
1092 999 1173 1063 istud
1204 1000 1341 1077 iaciebat,
1379 1001 1465 1063 Deus

339 1109 381 1156 uo
395 1091 503 1156 volens
533 1091 634 1171 ipsum
667 1107 810 1153 revocare
839 1091 879 1152 ab
913 1107 1017 1152 errore
1045 1089 1173 1151 immisit
1201 1089 1228 1150 ei
1259 1089 1291 1151 in
1323 1090 1465 1169 sompnis

393 1181 474 1244 sitim
491 1180 702 1242 vehementem
718 1183 748 1241 et
762 1178 850 1258 quasi
867 1178 1097 1254 intolerabilem,
1114 1181 1144 1241 et
1159 1178 1321 1240 videbatur
1333 1178 1362 1240 ci
1379 1177 1464 1259 quod

394 1274 473 1333 esset
494 1286 588 1349 super
611 1272 746 1349 puteum,
775 1267 829 1330 ubi
852 1267 980 1347 quidam
1012 1267 1152 1347 leprosus
1176 1285 1244 1330 cum
1269 1266 1348 1330 lune
1371 1285 1466 1331 aureo

395 1358 426 1421 in
450 1375 521 1421 vase
544 1357 751 1438 pulcherrimo
780 1355 1025 1436 limpidissimam
1049 1374 1161 1436 aquam
1186 1355 1225 1418 de
1248 1359 1345 1435 puteo
1370 1361 1465 1418 extra·

395 1446 493 1510 hebal
527 1446 672 1525 Cumque
695 1445 781 1507 multi
801 1444 979 1508 accederent
1001 1449 1030 1507 et
1045 1444 1192 1523 biberent,
1216 1444 1270 1506 illo
1293 1445 1466 1522 accedente,

340 1553 382 1600 aa
397 1536 538 1616 leprosus
560 1553 686 1597 manum
710 1534 830 1597 retraxit
845 1538 874 1596 el
889 1534 940 1596 ait:
968 1533 1161 1608 „Quomodo
1177 1533 1216 1596 de
1232 1550 1327 1595 manu
1346 1534 1468 1614 leprosa

395 1625 442 1688 vis
471 1642 582 1704 aquam
618 1623 753 1703 recipere
786 1623 840 1703 qui
871 1641 889 1685 a
919 1623 1006 1686 malis
1040 1621 1249 1686 sacerdotibus
1284 1621 1466 1702 dedignaris

394 1713 530 1794 accipere
553 1713 779 1776 sacramenta?u
822 1712 958 1775 Pessima
982 1711 1074 1792 igitur
1097 1711 1299 1774 hereticomm
1325 1711 1467 1774 doctrina

395 1803 449 1882 qui
469 1822 506 1864 ex
525 1820 587 1865 una
606 1801 734 1864 ministri
755 1800 863 1864 dicunt
887 1800 1021 1882 pendere
1036 1801 1176 1862 virtutem
1193 1805 1466 1863 sacramentorum.

758 1951 810 2006 20.
851 1943 905 2023 [=
929 1943 988 2007 No.
1017 1943 1098 2023 t9t.]

484 2049 597 2113 Audivi
621 2049 661 2112 de
683 2049 820 2130 quodam
848 2050 963 2113 rustico
990 2049 1044 2130 qui
1073 2050 1203 2112 nutritus
1230 2053 1293 2111 erat
1319 2048 1466 2113 intumo

342 2160 383 2206 tm
398 2143 429 2202 et
444 2140 474 2202 in
490 2139 676 2203 stercoribus
694 2139 882 2217 animalium,
906 2143 1024 2201 etcum
1044 2138 1198 2202 transisset
1217 2156 1316 2218 prope
1338 2139 1466 2219 apothe-

397 2229 517 2306 cariam,
545 2229 599 2290 ubi
627 2227 744 2309 species
766 2228 929 2291 aromatite
957 2228 1138 2304 terebantur,
1169 2245 1233 2291 non
1256 2226 1363 2290 valens
1386 2227 1466 2290 ieme

396 2318 526 2381 odorem
557 2317 673 2380 corruit
706 2317 793 2396 quasi
831 2316 998 2380 semivivus
1029 2334 1086 2380 nec
1120 2316 1220 2397 potuit
1252 2316 1466 2379 convalescere

395 2410 448 2470 aut
469 2406 643 2484 confortari,
666 2406 768 2468 donec
790 2410 928 2485 portatus
949 2405 988 2468 ad
1008 2404 1138 2469 domurn
1161 2423 1249 2468 suam
1272 2405 1311 2467 ad
1334 2405 1464 2468 letorem

397 2495 473 2559 lumi
497 2501 526 2559 et
548 2499 716 2559 stercorum
734 2499 941 2559 reverteretur.
978 2496 1018 2558 lta
1041 2493 1167 2576 quidam
1191 2494 1236 2559 sic
1257 2494 1369 2558 assueti
1393 2499 1468 2559 sunt

342 2604 384 2651 mo
398 2585 493 2647 fetore
527 2589 556 2648 et
589 2584 799 2648 immundiciis
836 2590 1028 2666 peccatorum
1061 2584 1147 2664 quod
1182 2584 1301 2647 bonum
1333 2584 1466 2648 odorem

396 2673 483 2737 verbi
508 2673 567 2737 Dei
590 2673 739 2736 sustinere
766 2691 831 2737 non
855 2678 992 2754 possunt.

760 2824 811 2879 21.
851 2815 1100 2897 [=No.201.]

487 2940 539 3003 ilii
575 2940 678 3003 miseri
708 2944 737 3004 et
768 2940 880 3003 incauti
920 2940 1062 3003 homines
1093 2938 1209 3002 similes
1238 2942 1310 3002 sunt
1341 2939 1467 3003 cuidam

397 3030 510 3093 misero
540 3029 606 3092 seni
629 3029 683 3108 qui
714 3028 797 3093 duos
827 3029 959 3093 habebat
988 3029 1108 3103 amicas,
1140 3046 1233 3091 unam
1263 3028 1408 3108 juvenem
1437 3035 1469 3093 et

396 3118 485 3181 aliam
510 3136 626 3182 senem.
672 3117 772 3182 Senex
794 3118 917 3181 volebat
940 3121 973 3180 ut
995 3117 1129 3181 amasius
1159 3118 1227 3197 eius
1247 3116 1470 3182 assimilaretur

343 3208 438 3283 uoei;
462 3206 546 3269 unde
569 3206 696 3287 quando
720 3208 751 3270 in
775 3207 895 3287 gremio
917 3224 977 3270 suo
1000 3206 1180 3283 dormiebat,
1207 3205 1334 3287 capillos
1357 3207 1468 3287 nigros

398 3297 425 3359 ei
454 3296 645 3373 subtrabens,
676 3297 765 3360 albos
795 3314 832 3359 ex
861 3296 976 3359 canicie
1007 3295 1048 3359 illi
1081 3295 1279 3375 relinquebat
1326 3294 1468 3369 Quando

398 3404 472 3449 vero
494 3385 669 3448 dormiebat
699 3386 729 3448 in
760 3384 879 3465 gremio
906 3385 1038 3464 junioris
1068 3386 1172 3461 amice,
1205 3383 1263 3461 illa,
1293 3385 1401 3449 volens
1433 3391 1470 3449 ut

396 3474 518 3557 juvenis
547 3479 713 3555 appareret,
751 3491 845 3538 canos
874 3474 1002 3555 capillos
1032 3473 1059 3537 ei
1089 3473 1294 3551 subtrahebat,
1331 3493 1369 3537 ex
1399 3493 1468 3554 quo

398 3564 505 3629 accidit
527 3564 613 3644 quod
639 3568 720 3628 totus
742 3563 894 3643 depilatus
923 3568 982 3625 tam
1006 3563 1095 3626 albos
1118 3580 1211 3641 quarn
1236 3562 1343 3643 nigros
1365 3564 1469 3628 crines

343 3671 385 3718 uo
399 3654 507 3717 amisit.
556 3655 597 3717 lta
619 3654 728 3717 accidit
750 3653 808 3716 hiis
833 3652 951 3715 miseris
982 3651 1153 3714 marinariis
1182 3669 1265 3731 quos
1292 3652 1468 3717 meretrices

397 3742 531 3823 spoliant
552 3746 582 3805 et
604 3746 784 3822 emungunt.

632 3892 634 3897 ·
761 3891 811 3948 22.
853 3882 1101 3963 1=N0.222.]

490 4007 538 4070 De
560 4007 619 4069 alia
642 4008 730 4071 etiam
754 4008 857 4070 audivi
881 4008 977 4088 quod,
1008 4026 1078 4071 cum
1103 3976 1322 4088 transiret'per
1344 4011 1466 4088 pratum

399 4095 555 4177 quoddam
588 4113 657 4157 cum
689 4096 756 4158 viro
784 4113 851 4173 suo,
882 4096 958 4160 dixit
981 4098 1028 4159 vir
1050 4097 1130 4176 eius:
1163 4098 1254 4162 „Hoc
1277 4100 1396 4177 pratum
1421 4102 1468 4161 est

398 4185 569 4247 falcatum.u
628 4184 667 4246 nt
701 4184 764 4246 illa:
803 4184 922 4250 „immo
953 4190 997 4247 est
1023 4189 1177 4248 tonsum.u
1241 4186 1359 4250 „immo
1387 4185 1467 4249 falce

344 4288 385 4331 mo
399 4275 532 4331 secatum
556 4274 636 4343 ,est,¹‘
669 4272 710 4329 ait
740 4270 866 4329 maritus
896 4271 970 4345 eius,
1000 4277 1048 4332 „et
1069 4272 1240 4334 falcatum.u
1296 4272 1468 4353 Respondit
