3525 5025
749 503 968 565 ..59-

270 694 313 741 aas
327 679 454 759 expavit,
486 682 515 741 et
540 678 689 742 accedens
720 698 774 760 pre
803 680 913 741 timore
942 679 1061 742 adhesit
1090 680 1158 743 viro
1188 697 1247 742 suo
1277 679 1393 743 fortiter

326 766 427 831 donec
449 768 593 831 excitatus
616 772 667 831 est.
700 770 735 830 Et
749 768 790 830 ait
805 768 851 830 vir
873 786 930 831 sue
946 769 1047 832 uxori:
1074 769 1166 833 Unde
1182 769 1242 831 hoc
1265 787 1391 846 novum,

326 858 399 936 quia
414 857 489 919 mihi
504 856 648 919 adhesisti
665 875 749 919 nunc
764 857 862 936 magis
877 876 970 938 quam
988 860 1147 937 unquam?
1183 859 1220 920 lit
1233 858 1392 922 attendens

325 947 372 1009 vir
397 946 515 1009 audivit
543 946 700 1029 strepitum
728 946 806 1009 furis
834 947 864 1008 in
894 947 1001 1009 domo.
1048 947 1140 1009 Nunc
1163 947 1297 1027 percepit
1319 947 1392 1027 quia

325 1053 363 1097 ex
389 1036 499 1099 timore
528 1035 604 1097 luris
632 1036 751 1099 adhesit
781 1035 840 1098 sibi
869 1053 948 1098 uxor
974 1053 1038 1098 sua.
1086 1037 1122 1098 Et
1143 1036 1184 1098 ait
1211 1036 1270 1098 furi
1295 1041 1391 1115 pater-

270 1139 312 1185 550
326 1124 469 1187 familias:
494 1125 643 1203 Magnum
669 1124 795 1203 gratiam
819 1129 928 1204 reputo
951 1129 980 1187 te
1003 1125 1078 1187 mihi
1103 1129 1192 1188 nocte
1215 1125 1269 1187 ista
1284 1131 1391 1188 contu-

326 1214 396 1277 lisse
420 1213 458 1276 de
481 1231 546 1293 quo
569 1214 622 1276 tibi
645 1217 752 1276 teneor
771 1214 889 1276 cunctis
911 1213 1022 1276 diebus
1045 1215 1104 1276 vite
1128 1232 1203 1290 mee,
1228 1218 1390 1293 postquam

325 1303 409 1366 fuisti
432 1320 522 1365 causa
544 1307 579 1365 ut
607 1303 829 1383 amplexaretur
852 1303 927 1364 mihi
952 1321 1031 1366 uxor
1053 1322 1129 1365 mea.
1176 1304 1268 1365 Nunc
1289 1307 1390 1365 autem

325 1393 427 1472 accipe
450 1409 645 1471 quecumque
660 1392 707 1454 vis
730 1397 759 1454 et
773 1392 877 1454 omnia
894 1392 948 1454 tibi
964 1391 1116 1455 dedomo
1133 1410 1201 1453 mea
1216 1391 1295 1455 licita
1309 1398 1389 1456 sunt.

708 1542 756 1596 14.
794 1535 848 1615 [=
872 1534 902 1598 S.
930 1535 1012 1614 aas]

418 1659 536 1721 Dicitur
558 1658 652 1722 fuisse
676 1659 822 1722 heremita
838 1658 886 1721 cui
911 1659 980 1722 data
1002 1658 1059 1721 fuit
1073 1677 1163 1721 vacca
1182 1677 1252 1736 una,
1275 1664 1390 1722 etcum

269 1760 311 1807 555
326 1749 451 1811 duceret
472 1767 538 1810 eam
562 1748 601 1810 ad
629 1748 759 1811 domum
791 1766 887 1824 suam,
920 1748 1046 1828 quidam
1078 1748 1128 1810 fur
1154 1747 1230 1810 vidit
1258 1748 1339 1811 illam
1363 1753 1393 1811 et

325 1836 447 1899 furandi
472 1854 575 1899 curam
599 1837 749 1900 adhibuit.
771 1831 773 1835 ⁴
798 1839 860 1899 lbat
887 1842 989 1900 autem
1017 1837 1067 1899 fur
1097 1841 1167 1918 post
1196 1856 1267 1899 eum
1292 1856 1391 1917 usque

324 1927 363 1988 ad
387 1926 517 1989 domum
542 1926 695 2003 heremite,
719 1931 833 1989 etcum
857 1931 936 1989 esset
958 1927 989 1988 in
1006 1927 1055 1988 via
1071 1926 1206 1989 obviavit
1224 1927 1250 1989 ei
1275 1925 1390 1990 demon

325 2016 356 2077 in
387 2015 489 2095 figura
519 2015 663 2078 hominis.
710 2015 770 2078 Cui
794 2015 870 2078 dixit
899 2016 962 2077 fur:
994 2015 1075 2089 Quis
1102 2034 1135 2078 es
1162 2020 1203 2093 tu,
1235 2021 1287 2078 aut
1314 2015 1390 2095 quid

326 2104 480 2167 intendis?
526 2105 565 2166 tlt
593 2105 642 2167 ille
666 2105 836 2184 respondit:
870 2106 936 2183 Ego
963 2104 1090 2184 quidem
1121 2122 1191 2167 sum
1219 2105 1333 2168 demon
1362 2110 1392 2167 et

269 2205 311 2252 oso
327 2194 453 2257 intendo
477 2198 565 2257 nocte
589 2194 644 2256 ista
659 2194 811 2257 suffocare
835 2193 1021 2270 heremitam,
1045 2198 1075 2255 et
1090 2212 1174 2256 nunc
1189 2212 1303 2273 sequor
1318 2212 1389 2257 eum

325 2283 425 2346 donec
447 2282 590 2345 homines
612 2287 684 2346 sunt
706 2283 737 2345 in
761 2301 890 2358 somn0;
914 2287 986 2345 tunc
1001 2301 1148 2361 exurgam
1168 2288 1273 2345 contra
1288 2284 1389 2363 ipsum

325 2377 353 2434 et
381 2372 560 2434 interficiam
591 2390 672 2434 eum.
721 2373 757 2434 Et
783 2373 823 2434 ait
850 2372 877 2434 ei
907 2372 969 2434 fur:
1002 2373 1067 2450 ligo
1095 2372 1233 2434 similiter
1263 2372 1389 2436 intendo

325 2461 368 2524 ire
395 2459 434 2524 ad
462 2460 592 2524 domum
623 2478 709 2524 suam
739 2465 768 2524 et
798 2461 891 2524 furari
923 2480 1043 2524 vaccam
1074 2478 1172 2524 suam.
1221 2462 1257 2523 Et
1284 2467 1390 2526 euntes

326 2551 446 2614 iverunt
479 2551 590 2630 pariter
623 2549 662 2613 ad
698 2551 827 2614 domurn
863 2551 1018 2613 heremite.
1077 2550 1255 2629 Ingrediens
1288 2555 1389 2614 autem

268 2651 311 2698 555
326 2641 472 2703 heremita
499 2639 629 2703 domum
658 2640 827 2703 introduxit
857 2658 977 2703 vaccam
1002 2644 1032 2701 et
1058 2639 1193 2702 comedit
1218 2643 1248 2701 et
1271 2640 1392 2702 intravit

324 2729 500 2792 cubiculum
525 2729 563 2790 ad
587 2728 815 2792 dormiendum.
856 2731 892 2792 Et
914 2729 1051 2808 cogitans
1073 2728 1124 2790 fur
1146 2727 1222 2789 dixit
1244 2728 1275 2789 in
1297 2729 1391 2791 corde

324 2837 400 2882 suo:
437 2819 555 2881 Dubito
588 2837 627 2881 ne
661 2818 739 2880 forte
774 2818 902 2898 quando
934 2817 1080 2880 accedens
1116 2817 1166 2878 hic
1199 2816 1314 2879 demon
1350 2817 1389 2880 ad

323 2907 540 2972 suffocandum
577 2908 766 2984 heremitam,
806 2907 948 2970 clamabit
986 2907 1052 2986 ipse
1087 2910 1116 2968 et
1152 2910 1329 2968 succurrent
1362 2907 1389 2968 ei

325 2996 468 3060 homines
491 2999 527 3074 et,
558 3014 622 3060 non
654 3001 761 3076 potero
792 3015 900 3077 capere
929 3014 1059 3072 vaccam,
1089 2994 1142 3058 sed
1173 3014 1222 3058 me
1252 2995 1390 3058 videntes

268 3099 310 3146 sto
325 3086 444 3166 capient
476 3089 505 3148 et
535 3085 715 3148 interficient
746 3105 803 3148 me.
851 3084 937 3148 Dixit
966 3103 1041 3163 ergo
1072 3085 1123 3146 fur
1153 3084 1295 3146 demoni:
1329 3083 1391 3148 Sile

324 3193 441 3255 parum,
466 3179 494 3236 et
517 3174 633 3237 dimitte
658 3194 706 3237 me
722 3193 829 3254 capere
845 3192 965 3237 vaccam
984 3174 1177 3253 priusquam
1194 3178 1277 3235 tuam
1293 3172 1390 3235 adim-

324 3264 423 3343 plebis
445 3263 642 3327 voluntatem.
690 3263 749 3326 Cui
774 3263 935 3344 respondit
956 3263 1085 3325 demon:
1109 3263 1313 3342 Nequaquam
1331 3264 1391 3326 hoc

323 3352 441 3429 faciam,
476 3353 530 3417 sed
562 3353 648 3432 prius
680 3353 780 3432 ipsum
805 3353 878 3416 volo
909 3353 1078 3415 interficere
1101 3356 1130 3413 et
1164 3355 1268 3431 postea
1299 3351 1390 3414 facies

324 3441 410 3521 quod
436 3441 576 3504 intendis.
622 3441 662 3503 nt
683 3442 734 3504 ille
758 3441 889 3505 dicebat:
918 3443 1130 3520 Nequaquam,
1154 3440 1208 3502 sed
1233 3459 1292 3519 ego
1316 3441 1390 3504 inci-

268 3543 310 3590 sas
326 3531 416 3611 piam.
464 3532 499 3593 Et
532 3535 598 3594 orta
632 3530 785 3593 discordia
819 3531 897 3593 inter
932 3531 1016 3610 ipsos
1046 3530 1177 3606 fortiter,
1212 3529 1391 3608 inceperunt

323 3625 461 3699 pugnare
484 3624 514 3682 et
536 3619 626 3681 rixari
649 3619 688 3681 ad
713 3621 842 3682 invicem
863 3620 965 3682 donec
986 3619 1037 3680 fur
1058 3622 1180 3680 vocaret
1203 3618 1389 3693 heremitam,

322 3709 428 3771 dicens
456 3709 496 3771 ei:
528 3708 634 3788 Surge,
665 3707 738 3788 quia
767 3709 822 3771 iste
849 3709 965 3771 demon
997 3707 1062 3770 vult
1088 3711 1116 3768 te
1144 3706 1306 3768 suffocare,
1355 3708 1390 3769 Et

325 3798 459 3860 excitatis
482 3798 629 3860 heremita
648 3803 676 3859 et
699 3815 755 3860 sua
776 3798 899 3875 familia,
922 3798 1069 3876 fugerunt
1090 3796 1141 3858 fur
1164 3799 1193 3857 et
1215 3795 1338 3872 demon,
1363 3799 1392 3858 et

322 3887 366 3949 sic
389 3887 483 3950 evasit
505 3886 651 3949 heremita
672 3904 690 3948 a
713 3887 850 3966 periculo
874 3886 989 3949 mortis,

702 4031 751 4091 15.
788 4027 896 4108 1=s
924 4027 1006 4106 aaa]

267 4167 309 4215 550
416 4149 544 4238 lDicitur
559 4154 653 4216 fuisse
669 4154 795 4234 quidam
813 4154 1018 4234 carpentarius
1035 4153 1089 4232 qui
1107 4151 1243 4233 pulcram
1261 4152 1391 4214 habebat

322 4261 450 4306 uxorem
486 4261 579 4322 quam
614 4244 744 4306 multum
777 4243 907 4306 amabat.
959 4241 1100 4305 ilabebat
1130 4245 1160 4305 et
1193 4241 1304 4303 mulier
1338 4241 1389 4303 illa
