3525 5025
656 526 900 582 -131-

593 697 668 778 Cap.
696 703 753 761 121
781 698 841 777 (Βὶ.
866 699 962 778 471).

437 818 480 874 De
498 818 610 875 Tiberio
629 818 729 875 Cesare
747 822 774 874 et
792 817 898 875 iacente
916 818 986 875 inter
1005 836 1120 876 muscas.

338 948 439 1017 Refert
469 949 617 1028 Iosephus
647 947 734 1027 quod
758 948 904 1028 Tyberias
928 948 1023 1012 Cesar
1051 950 1225 1029 requisitus,
1258 969 1313 1015 cur

259 1038 477 1116 prouinciarum
501 1037 638 1117 presides
660 1036 714 1099 diu
739 1041 853 1099 teneret
875 1037 906 1099 in
930 1038 1048 1115 officiis,
1077 1038 1235 1119 respondit
1258 1059 1313 1121 per

217 1127 436 1206 uaexemplum:
463 1126 553 1191 „Vidi
574 1125 763 1205 quandoque
786 1126 943 1189 hominem
969 1126 1136 1204 infirmum,
1160 1128 1312 1193 ulceribus

259 1217 386 1294 plenum,
433 1216 547 1278 muscis
584 1219 754 1295 grauatum.
815 1214 875 1278 Cui
915 1234 985 1278 cum
1024 1215 1148 1279 flabello
1192 1236 1312 1282 muscas

258 1304 438 1385 expellerem,
469 1304 544 1366 dixit
568 1304 673 1367 michi:
708 1304 890 1384 ‘Dupliciter
919 1323 969 1366 me
996 1306 1119 1383 crucias,
1150 1307 1232 1370 vnde
1262 1326 1312 1370 me

259 1393 398 1456 consolari
422 1398 519 1474 putas,
543 1392 725 1474 expellendo
750 1410 869 1456 muscas
893 1412 963 1457 meo
982 1395 1133 1474 sanguine
1156 1395 1261 1476 plenas
1284 1402 1312 1460 et

259 1482 429 1545 remittendo
452 1500 563 1545 vacuas
586 1487 614 1545 et
637 1482 798 1545 famelicas.
834 1482 916 1556 Quis
939 1483 1020 1546 enim
1044 1484 1183 1547 aculeum
1208 1503 1312 1549 musce

217 1571 385 1633 aolamelice
407 1571 522 1634 deuitet
544 1571 675 1652 duplum
699 1571 769 1651 plus
792 1571 930 1651 affligere
952 1591 1045 1652 quam
1070 1573 1167 1653 plene,
1195 1574 1253 1637 nisi
1278 1576 1311 1652 is,

259 1660 305 1737 qui
327 1679 379 1723 cor
401 1660 557 1740 lapideum
582 1661 706 1723 haberet
728 1664 757 1723 et
780 1678 843 1724 non
861 1679 1004 1723 carneum
1012 1662 1035 1723 ?’
1073 1662 1245 1741 Karissime,
1269 1665 1313 1727 sic

259 1767 310 1827 ego
332 1750 466 1829 presides
489 1749 542 1812 diu
568 1750 598 1811 in
623 1749 734 1812 officiis
757 1753 854 1827 111110,
883 1750 936 1829 qui
960 1750 1043 1813 ditati
1068 1752 1159 1815 rebus
1182 1752 1312 1816 subditis

259 1838 346 1917 magis
368 1843 511 1919 parcunt;
535 1839 611 1901 noui
634 1843 734 1901 autem
751 1842 781 1900 et
795 1839 882 1902 vacui
892 1839 1017 1924 'deserta
1033 1840 1150 1904 iusticia
1172 1841 1312 1904 subditos

260 1925 362 2007 iniquis
384 1927 594 1990 exactionibus
617 1928 714 2008 magis
738 1927 880 1990 roduntl

597 2088 672 2169 Cap.
700 2095 754 2151 131
786 2088 848 2167 (Βὶ.
871 2089 963 2168 481).

534 2207 577 2263 [)1
596 2207 731 2279 Dyonisio
751 2212 778 2264 et
795 2209 887 2264 vetula
905 2208 1027 2265 muliere.

220 2350 249 2394 uo
339 2337 478 2400 Valerius
494 2338 648 2399 Maximus
669 2342 775 2414 narrat,
800 2338 894 2417 quod,
920 2357 989 2401 cum
1007 2356 1116 2401 omnes
1132 2338 1311 2420 Syracusani

260 2430 377 2488 nortem
403 2425 546 2507 Dyonisii
571 2426 679 2507 Sycilie
695 2431 842 2507 optarent,
866 2426 999 2506 quedam
1023 2427 1137 2490 femina
1152 2429 1313 2492 senectutis

259 2515 351 2578 vltime
373 2517 440 2579 sola
463 2534 520 2596 pro
544 2535 582 2579 eo
606 2517 760 2580 matutinis
783 2517 868 2580 horis
892 2517 968 2579 deos
991 2517 1097 2594 orauit,
1126 2522 1157 2580 vt
1180 2518 1238 2582 sibi
1262 2537 1312 2582 su-

211 2641 214 2656 =
260 2609 363 2681 perstes
385 2605 472 2668 tieret
495 2605 526 2667 in
551 2606 607 2668 hac
621 2605 689 2669 vita.
720 2605 819 2668 Cuius
834 2605 988 2669 oracionis
1003 2624 1124 2668 causam
1143 2607 1313 2688 Dyonisius

259 2694 414 2757 ammirans
444 2696 484 2757 ab
514 2712 549 2757 ea
579 2695 719 2773 quesiuit
771 2694 842 2768 Quc
872 2695 1043 2775 respondit:
1082 2695 1183 2760 „Cum
1214 2714 1311 2759 essem

176 2808 177 2811 ¹
220 2783 358 2860 numella,
382 2802 508 2863 grauem
533 2788 695 2864 tyrannum
720 2784 837 2847 habens
853 2803 891 2848 eo
908 2803 1009 2846 carere
1025 2784 1152 2865 cupiens
1176 2785 1311 2864 peiorem

176 2872 177 2875 ’
260 2873 364 2952 recepi;
394 2891 458 2952 quo
487 2873 595 2935 iterum
624 2891 725 2935 carere
748 2873 841 2956 volui,
872 2873 999 2936 tercium
1024 2873 1181 2936 duriorem
1210 2874 1312 2937 habui.

175 2980 178 3029 ι,
260 2958 374 3024 linens
397 2963 490 3041 igitur
513 2961 694 3024 deteriorem
710 2961 764 3025 tibi
781 2962 944 3026 succedere
965 2966 993 3025 11
1016 2963 1086 3025 ideo
1111 2981 1167 3042 pro
1183 2963 1242 3026 vita
1263 2967 1313 3025 tua

260 3065 336 3128 rogo.
375 3050 546 3131 Dyonisius
569 3050 625 3113 hec
647 3050 776 3114 audiens
798 3051 931 3133 amplius
955 3051 1124 3114 molestiam
1148 3070 1212 3115 non
1236 3052 1313 3116 iecit.

598 3229 673 3310 Cap.
700 3237 760 3293 133
786 3230 845 3310 (Bt.
871 3230 966 3306 48v.).

520 3349 685 3405 Miraculum
704 3349 740 3405 de
757 3349 858 3406 Sancto
878 3348 1046 3405 Bemhardo

338 3460 473 3535 Quidam
513 3461 598 3524 lusor
636 3479 799 3524 occurrens
834 3462 923 3523 beato
955 3460 1133 3523 Bemhardo
1168 3461 1313 3540 equitanti

221 3545 328 3611 1111111111
348 3551 419 3613 sibi:
446 3550 563 3626 1Ρ1111,
587 3549 692 3612 ludam
708 3551 823 3612 tecum!
859 3550 1002 3612 Animam
1028 3568 1126 3612 meam
1151 3569 1208 3630 pro
1231 3569 1314 3630 equo

260 3639 477 3718 111011011111111
525 3638 653 3702 Sanctus
678 3639 794 3716 annuit
825 3639 864 3701 dc
895 3657 977 3718 equo
1008 3638 1165 3702 descendit
1195 3639 1313 3703 dicens:

263 3725 306 3788 ‚Si
328 3728 414 3808 plura
437 3732 550 3809 puncta
573 3746 622 3790 me
650 3727 821 3808 proieceris,
854 3746 954 3807 equus
983 3732 1054 3791 tuus
1082 3727 1132 3790 siti
1180 3728 1212 3791 Si
1240 3747 1314 3790 vero

261 3831 312 3892 ego
333 3817 421 3897 plura
443 3817 611 3898 proiecero,
634 3817 736 3879 anima
758 3821 809 3879 tua
825 3835 893 3879 mea
916 3817 1004 3879 erit!u
1043 3818 1143 3880 Lusor
1157 3817 1313 3880 concessit

261 3900 355 3968 Statim
378 3925 449 3969 cum
473 3906 571 3968 tribus
594 3906 717 3969 traxillis
733 3906 859 3986 proiecit
874 3905 969 3969 XVlll
986 3911 1106 3985 puncta
1145 3905 1219 3979 Quo
1235 3906 1314 3969 tacto

223 3990 373 4057 uotrenum
403 3995 475 4074 equi
507 3999 661 4075 tamquam
696 4013 788 4057 suum
823 3995 927 4058 tenuit.
973 3995 1023 4057 Ait
1053 3999 1186 4058 sanctus:
1228 3995 1312 4071 „Fili

261 4081 352 4147 adhuc
373 4085 463 4165 plura
492 4089 604 4165 puncta
626 4087 698 4146 sunt
721 4085 751 4146 in
776 4084 875 4147 tribus
897 4084 1006 4146 taxillis
1029 4102 1121 4163 quam
1146 4084 1229 4146 istan
1280 4085 1315 4145 Et

262 4173 376 4247 proiecit
390 4174 461 4236 xlx
477 4177 597 4254 puncta,
621 4191 684 4236 vno
700 4177 814 4254 puncto
831 4173 1009 4253 plusquam
1027 4174 1120 4235 lusor.
1156 4171 1230 4245 Quo
1247 4173 1314 4234 viso

262 4257 337 4324 lusor
358 4280 391 4326 se
412 4263 473 4326 sub
497 4263 676 4326 obediencia
707 4281 763 4326 sua
786 4262 870 4325 dedit
899 4266 927 4324 et
953 4265 1057 4324 sancto
1089 4261 1153 4323 tine
1176 4260 1312 4323 decessit.

1155 4381 1189 4436 9.
