<?xml version="1.0" encoding="UTF-8"?>
<!DOCTYPE html PUBLIC "-//W3C//DTD XHTML 1.0 Transitional//EN"
    "http://www.w3.org/TR/xhtml1/DTD/xhtml1-transitional.dtd">
<html xmlns="http://www.w3.org/1999/xhtml" xml:lang="en" lang="en">
 <head>
  <title>
</title>
<meta http-equiv="Content-Type" content="text/html;charset=utf-8" />
  <meta name='ocr-system' content='tesseract 3.04.00' />
  <meta name='ocr-capabilities' content='ocr_page ocr_carea ocr_par ocr_line ocrx_word'/>
</head>
<body>
  <div class='ocr_page' id='page_1' title='image "./probenderlatein00ulrigoog_0034.png"; bbox 0 0 3525 5025; ppageno 0'>
   <div class='ocr_carea' id='block_1_1' title="bbox 709 466 931 524">
    <p class='ocr_par' dir='ltr' id='par_1_1' title="bbox 709 466 931 524">
     <span class='ocr_line' id='line_1_1' title="bbox 709 466 931 524; baseline 0.009 -19"><span class='ocrx_word' id='word_1_1' title='bbox 709 466 931 524; x_wconf 79' lang='lat'>..23-</span> 
     </span>
    </p>
   </div>
   <div class='ocr_carea' id='block_1_2' title="bbox 211 636 1360 3481">
    <p class='ocr_par' dir='ltr' id='par_1_2' title="bbox 211 636 1360 1075">
     <span class='ocr_line' id='line_1_2' title="bbox 211 636 1360 719; baseline 0.006 -22"><span class='ocrx_word' id='word_1_2' title='bbox 211 655 239 700; x_wconf 87' lang='lat'>10</span> <span class='ocrx_word' id='word_1_3' title='bbox 267 655 305 701; x_wconf 91' lang='lat' dir='ltr'>se</span> <span class='ocrx_word' id='word_1_4' title='bbox 322 637 410 700; x_wconf 91' lang='lat' dir='ltr'>illud</span> <span class='ocrx_word' id='word_1_5' title='bbox 430 638 550 700; x_wconf 89' lang='lat' dir='ltr'>referat.</span> <span class='ocrx_word' id='word_1_6' title='bbox 589 636 815 718; x_wconf 90' lang='lat' dir='ltr'>Obtemperans</span> <span class='ocrx_word' id='word_1_7' title='bbox 837 638 929 718; x_wconf 87' lang='lat' dir='ltr'>igitur</span> <span class='ocrx_word' id='word_1_8' title='bbox 943 643 1005 701; x_wconf 91' lang='lat' dir='ltr'>tam</span> <span class='ocrx_word' id='word_1_9' title='bbox 1026 638 1195 702; x_wconf 90' lang='lat' dir='ltr'>industrius</span> <span class='ocrx_word' id='word_1_10' title='bbox 1215 640 1296 719; x_wconf 89' lang='lat' dir='ltr'>regis</span> <span class='ocrx_word' id='word_1_11' title='bbox 1315 645 1360 704; x_wconf 88' lang='lat' dir='ltr'>est</span> 
     </span>
     <span class='ocr_line' id='line_1_3' title="bbox 269 726 1358 793; baseline 0.002 -2"><span class='ocrx_word' id='word_1_12' title='bbox 269 726 484 791; x_wconf 86' lang='lat' dir='ltr'>consiliarius</span> <span class='ocrx_word' id='word_1_13' title='bbox 506 727 604 789; x_wconf 90' lang='lat' dir='ltr'>factus</span> <span class='ocrx_word' id='word_1_14' title='bbox 627 731 659 789; x_wconf 92' lang='lat' dir='ltr'>ut</span> <span class='ocrx_word' id='word_1_15' title='bbox 683 726 854 790; x_wconf 88' lang='lat' dir='ltr'>inviderent</span> <span class='ocrx_word' id='word_1_16' title='bbox 877 727 919 790; x_wconf 93' lang='lat' dir='ltr'>illi</span> <span class='ocrx_word' id='word_1_17' title='bbox 944 744 1056 791; x_wconf 91' lang='lat' dir='ltr'>omnes</span> <span class='ocrx_word' id='word_1_18' title='bbox 1069 727 1144 791; x_wconf 91' lang='lat' dir='ltr'>socii</span> <span class='ocrx_word' id='word_1_19' title='bbox 1168 729 1243 793; x_wconf 90' lang='lat' dir='ltr'>eius.</span> <span class='ocrx_word' id='word_1_20' title='bbox 1279 728 1358 793; x_wconf 83' lang='lat' dir='ltr'>Ade-</span> 
     </span>
     <span class='ocr_line' id='line_1_4' title="bbox 270 815 1359 897; baseline 0.003 -18"><span class='ocrx_word' id='word_1_21' title='bbox 270 820 373 879; x_wconf 91' lang='lat' dir='ltr'>untes</span> <span class='ocrx_word' id='word_1_22' title='bbox 399 816 504 895; x_wconf 90' lang='lat' dir='ltr'>itaque</span> <span class='ocrx_word' id='word_1_23' title='bbox 527 834 631 895; x_wconf 88' lang='lat' dir='ltr'>regern</span> <span class='ocrx_word' id='word_1_24' title='bbox 655 815 836 879; x_wconf 91' lang='lat' dir='ltr'>interminati</span> <span class='ocrx_word' id='word_1_25' title='bbox 864 821 937 880; x_wconf 90' lang='lat' dir='ltr'>sunt</span> <span class='ocrx_word' id='word_1_26' title='bbox 964 816 1059 897; x_wconf 90' lang='lat' dir='ltr'>quod,</span> <span class='ocrx_word' id='word_1_27' title='bbox 1091 817 1149 880; x_wconf 93' lang='lat' dir='ltr'>nisi</span> <span class='ocrx_word' id='word_1_28' title='bbox 1173 835 1244 880; x_wconf 89' lang='lat' dir='ltr'>eum</span> <span class='ocrx_word' id='word_1_29' title='bbox 1268 818 1359 882; x_wconf 88' lang='lat' dir='ltr'>inter·</span> 
     </span>
     <span class='ocr_line' id='line_1_5' title="bbox 269 904 1359 986; baseline 0.004 -19"><span class='ocrx_word' id='word_1_30' title='bbox 269 906 397 982; x_wconf 79' lang='lat' dir='ltr'>ficeret,</span> <span class='ocrx_word' id='word_1_31' title='bbox 424 923 479 969; x_wconf 92' lang='lat' dir='ltr'>eos</span> <span class='ocrx_word' id='word_1_32' title='bbox 495 922 606 968; x_wconf 90' lang='lat' dir='ltr'>omnes</span> <span class='ocrx_word' id='word_1_33' title='bbox 624 906 741 985; x_wconf 88' lang='lat' dir='ltr'>absque</span> <span class='ocrx_word' id='word_1_34' title='bbox 764 905 862 970; x_wconf 90' lang='lat' dir='ltr'>dubio</span> <span class='ocrx_word' id='word_1_35' title='bbox 886 904 1033 986; x_wconf 80' lang='lat' dir='ltr'>perderet.</span> <span class='ocrx_word' id='word_1_36' title='bbox 1079 906 1283 971; x_wconf 84' lang='lat' dir='ltr'>Tristissimus</span> <span class='ocrx_word' id='word_1_37' title='bbox 1306 926 1359 971; x_wconf 90' lang='lat' dir='ltr'>rex</span> 
     </span>
     <span class='ocr_line' id='line_1_6' title="bbox 271 994 1359 1075; baseline 0.001 -16"><span class='ocrx_word' id='word_1_38' title='bbox 271 994 458 1071; x_wconf 89' lang='lat' dir='ltr'>consensit;</span> <span class='ocrx_word' id='word_1_39' title='bbox 489 994 638 1074; x_wconf 88' lang='lat' dir='ltr'>quaesivit</span> <span class='ocrx_word' id='word_1_40' title='bbox 665 998 765 1057; x_wconf 92' lang='lat' dir='ltr'>tamen</span> <span class='ocrx_word' id='word_1_41' title='bbox 794 995 834 1058; x_wconf 92' lang='lat' dir='ltr'>ab</span> <span class='ocrx_word' id='word_1_42' title='bbox 856 995 902 1058; x_wconf 89' lang='lat' dir='ltr'>eis</span> <span class='ocrx_word' id='word_1_43' title='bbox 924 1013 986 1075; x_wconf 90' lang='lat' dir='ltr'>qua</span> <span class='ocrx_word' id='word_1_44' title='bbox 1013 994 1174 1058; x_wconf 84' lang='lat' dir='ltr'>occasione</span> <span class='ocrx_word' id='word_1_45' title='bbox 1201 994 1233 1058; x_wconf 92' lang='lat' dir='ltr'>id</span> <span class='ocrx_word' id='word_1_46' title='bbox 1261 996 1359 1061; x_wconf 90' lang='lat' dir='ltr'>lacere</span> 
     </span>
    </p>

    <p class='ocr_par' dir='ltr' id='par_1_3' title="bbox 216 1083 1360 1521">
     <span class='ocr_line' id='line_1_7' title="bbox 216 1083 1358 1165; baseline 0.003 -20"><span class='ocrx_word' id='word_1_47' title='bbox 216 1100 244 1145; x_wconf 79' lang='lat'>15</span> <span class='ocrx_word' id='word_1_48' title='bbox 272 1087 400 1165; x_wconf 85' lang='lat' dir='ltr'>posset</span> <span class='ocrx_word' id='word_1_49' title='bbox 449 1083 620 1163; x_wconf 85' lang='lat' dir='ltr'>,Praecipe‘,</span> <span class='ocrx_word' id='word_1_50' title='bbox 650 1083 743 1161; x_wconf 87' lang='lat' dir='ltr'>aiunt,</span> <span class='ocrx_word' id='word_1_51' title='bbox 773 1084 825 1161; x_wconf 92' lang='lat' dir='ltr'>,illi</span> <span class='ocrx_word' id='word_1_52' title='bbox 853 1088 887 1146; x_wconf 91' lang='lat' dir='ltr'>ut</span> <span class='ocrx_word' id='word_1_53' title='bbox 913 1102 980 1147; x_wconf 89' lang='lat' dir='ltr'>cras</span> <span class='ocrx_word' id='word_1_54' title='bbox 1007 1084 1134 1148; x_wconf 91' lang='lat' dir='ltr'>veniens</span> <span class='ocrx_word' id='word_1_55' title='bbox 1162 1101 1226 1148; x_wconf 91' lang='lat' dir='ltr'>non</span> <span class='ocrx_word' id='word_1_56' title='bbox 1253 1102 1358 1149; x_wconf 90' lang='lat' dir='ltr'>secum</span> 
     </span>
     <span class='ocr_line' id='line_1_8' title="bbox 273 1172 1360 1249; baseline 0.002 -14"><span class='ocrx_word' id='word_1_57' title='bbox 273 1173 379 1237; x_wconf 87' lang='lat' dir='ltr'>ducat</span> <span class='ocrx_word' id='word_1_58' title='bbox 402 1172 462 1235; x_wconf 91' lang='lat' dir='ltr'>nisi</span> <span class='ocrx_word' id='word_1_59' title='bbox 487 1190 585 1234; x_wconf 94' lang='lat' dir='ltr'>unum</span> <span class='ocrx_word' id='word_1_60' title='bbox 601 1189 732 1249; x_wconf 90' lang='lat' dir='ltr'>servum,</span> <span class='ocrx_word' id='word_1_61' title='bbox 757 1190 854 1235; x_wconf 90' lang='lat' dir='ltr'>unum</span> <span class='ocrx_word' id='word_1_62' title='bbox 872 1174 1006 1236; x_wconf 89' lang='lat' dir='ltr'>amicum</span> <span class='ocrx_word' id='word_1_63' title='bbox 1022 1177 1052 1236; x_wconf 93' lang='lat' dir='ltr'>et</span> <span class='ocrx_word' id='word_1_64' title='bbox 1066 1191 1164 1236; x_wconf 90' lang='lat' dir='ltr'>unum</span> <span class='ocrx_word' id='word_1_65' title='bbox 1181 1173 1360 1237; x_wconf 74' lang='lat' dir='ltr'>inimicum!</span> 
     </span>
     <span class='ocr_line' id='line_1_9' title="bbox 274 1260 1359 1342; baseline 0.001 -17"><span class='ocrx_word' id='word_1_66' title='bbox 274 1260 428 1325; x_wconf 85' lang='lat' dir='ltr'>Territus</span> <span class='ocrx_word' id='word_1_67' title='bbox 451 1261 512 1325; x_wconf 88' lang='lat' dir='ltr'>hoc</span> <span class='ocrx_word' id='word_1_68' title='bbox 539 1260 620 1324; x_wconf 89' lang='lat' dir='ltr'>dicto</span> <span class='ocrx_word' id='word_1_69' title='bbox 651 1261 701 1323; x_wconf 88' lang='lat' dir='ltr'>ille</span> <span class='ocrx_word' id='word_1_70' title='bbox 729 1265 844 1342; x_wconf 90' lang='lat' dir='ltr'>patrem</span> <span class='ocrx_word' id='word_1_71' title='bbox 872 1279 911 1324; x_wconf 93' lang='lat' dir='ltr'>ex</span> <span class='ocrx_word' id='word_1_72' title='bbox 938 1262 998 1325; x_wconf 92' lang='lat' dir='ltr'>hoc</span> <span class='ocrx_word' id='word_1_73' title='bbox 1026 1262 1230 1325; x_wconf 89' lang='lat' dir='ltr'>sciscitaturus</span> <span class='ocrx_word' id='word_1_74' title='bbox 1257 1262 1359 1327; x_wconf 88' lang='lat' dir='ltr'>adivit</span> 
     </span>
     <span class='ocr_line' id='line_1_10' title="bbox 277 1350 1358 1433; baseline 0.003 -20"><span class='ocrx_word' id='word_1_75' title='bbox 277 1352 378 1415; x_wconf 88' lang='lat' dir='ltr'>Pater</span> <span class='ocrx_word' id='word_1_76' title='bbox 393 1368 470 1413; x_wconf 90' lang='lat' dir='ltr'>vero</span> <span class='ocrx_word' id='word_1_77' title='bbox 486 1367 535 1427; x_wconf 91' lang='lat' dir='ltr'>,ne</span> <span class='ocrx_word' id='word_1_78' title='bbox 550 1350 743 1414; x_wconf 70' lang='lat' dir='ltr'>contristeris*</span> <span class='ocrx_word' id='word_1_79' title='bbox 760 1350 870 1430; x_wconf 87' lang='lat' dir='ltr'>inquit;</span> <span class='ocrx_word' id='word_1_80' title='bbox 891 1350 956 1430; x_wconf 89' lang='lat' dir='ltr'>,sed</span> <span class='ocrx_word' id='word_1_81' title='bbox 971 1351 1059 1414; x_wconf 91' lang='lat' dir='ltr'>valde</span> <span class='ocrx_word' id='word_1_82' title='bbox 1075 1351 1195 1415; x_wconf 91' lang='lat' dir='ltr'>bonum</span> <span class='ocrx_word' id='word_1_83' title='bbox 1212 1368 1358 1433; x_wconf 88' lang='lat' dir='ltr'>praepara</span> 
     </span>
     <span class='ocr_line' id='line_1_11' title="bbox 278 1438 1357 1521; baseline 0 -18"><span class='ocrx_word' id='word_1_84' title='bbox 278 1458 299 1503; x_wconf 93' lang='lat' dir='ltr'>a</span> <span class='ocrx_word' id='word_1_85' title='bbox 324 1457 403 1519; x_wconf 91' lang='lat' dir='ltr'>rege</span> <span class='ocrx_word' id='word_1_86' title='bbox 426 1438 466 1502; x_wconf 91' lang='lat' dir='ltr'>de</span> <span class='ocrx_word' id='word_1_87' title='bbox 489 1438 601 1519; x_wconf 90' lang='lat' dir='ltr'>quovis</span> <span class='ocrx_word' id='word_1_88' title='bbox 623 1438 753 1504; x_wconf 89' lang='lat' dir='ltr'>consilio</span> <span class='ocrx_word' id='word_1_89' title='bbox 777 1456 840 1503; x_wconf 91' lang='lat' dir='ltr'>non</span> <span class='ocrx_word' id='word_1_90' title='bbox 864 1444 952 1503; x_wconf 85' lang='lat' dir='ltr'>antea</span> <span class='ocrx_word' id='word_1_91' title='bbox 974 1441 1174 1521; x_wconf 84' lang='lat' dir='ltr'>responderet</span> <span class='ocrx_word' id='word_1_92' title='bbox 1196 1441 1297 1505; x_wconf 88' lang='lat' dir='ltr'>donec</span> <span class='ocrx_word' id='word_1_93' title='bbox 1318 1441 1357 1504; x_wconf 89' lang='lat' dir='ltr'>ad</span> 
     </span>
    </p>

    <p class='ocr_par' dir='ltr' id='par_1_4' title="bbox 223 1528 1358 1966">
     <span class='ocr_line' id='line_1_12' title="bbox 223 1528 1358 1610; baseline 0 -17"><span class='ocrx_word' id='word_1_94' title='bbox 223 1548 252 1592; x_wconf 82' lang='lat' dir='ltr'>ao</span> <span class='ocrx_word' id='word_1_95' title='bbox 281 1530 384 1593; x_wconf 91' lang='lat' dir='ltr'>nobis</span> <span class='ocrx_word' id='word_1_96' title='bbox 416 1528 601 1605; x_wconf 89' lang='lat' dir='ltr'>obsonium,</span> <span class='ocrx_word' id='word_1_97' title='bbox 635 1528 786 1608; x_wconf 90' lang='lat' dir='ltr'>optimum</span> <span class='ocrx_word' id='word_1_98' title='bbox 817 1528 856 1591; x_wconf 92' lang='lat' dir='ltr'>de</span> <span class='ocrx_word' id='word_1_99' title='bbox 887 1547 938 1591; x_wconf 92' lang='lat' dir='ltr'>me</span> <span class='ocrx_word' id='word_1_100' title='bbox 967 1533 1146 1610; x_wconf 87' lang='lat' dir='ltr'>accepturus</span> <span class='ocrx_word' id='word_1_101' title='bbox 1175 1529 1358 1594; x_wconf 68' lang='lat' dir='ltr'>consiliunt</span> 
     </span>
     <span class='ocr_line' id='line_1_13' title="bbox 283 1616 1358 1699; baseline 0.001 -18"><span class='ocrx_word' id='word_1_102' title='bbox 283 1620 367 1683; x_wconf 88' lang='lat' dir='ltr'>Post</span> <span class='ocrx_word' id='word_1_103' title='bbox 382 1617 548 1699; x_wconf 88' lang='lat' dir='ltr'>prandium</span> <span class='ocrx_word' id='word_1_104' title='bbox 561 1617 653 1697; x_wconf 89' lang='lat' dir='ltr'>igitur</span> <span class='ocrx_word' id='word_1_105' title='bbox 665 1617 740 1679; x_wconf 86' lang='lat' dir='ltr'>dixit</span> <span class='ocrx_word' id='word_1_106' title='bbox 755 1616 798 1679; x_wconf 94' lang='lat' dir='ltr'>illi</span> <span class='ocrx_word' id='word_1_107' title='bbox 810 1617 956 1681; x_wconf 83' lang='lat' dir='ltr'>secretius</span> <span class='ocrx_word' id='word_1_108' title='bbox 967 1622 1064 1698; x_wconf 89' lang='lat' dir='ltr'>pater:</span> <span class='ocrx_word' id='word_1_109' title='bbox 1079 1616 1195 1694; x_wconf 84' lang='lat' dir='ltr'>,Habes</span> <span class='ocrx_word' id='word_1_110' title='bbox 1206 1618 1358 1699; x_wconf 89' lang='lat' dir='ltr'>optimum</span> 
     </span>
     <span class='ocr_line' id='line_1_14' title="bbox 281 1706 1358 1787; baseline -0.002 -15"><span class='ocrx_word' id='word_1_111' title='bbox 281 1709 427 1785; x_wconf 89' lang='lat' dir='ltr'>asinum;</span> <span class='ocrx_word' id='word_1_112' title='bbox 461 1706 547 1771; x_wconf 92' lang='lat' dir='ltr'>illum</span> <span class='ocrx_word' id='word_1_113' title='bbox 579 1724 674 1787; x_wconf 88' lang='lat' dir='ltr'>pane,</span> <span class='ocrx_word' id='word_1_114' title='bbox 702 1706 776 1769; x_wconf 92' lang='lat' dir='ltr'>vino</span> <span class='ocrx_word' id='word_1_115' title='bbox 804 1711 833 1769; x_wconf 92' lang='lat' dir='ltr'>et</span> <span class='ocrx_word' id='word_1_116' title='bbox 859 1724 950 1770; x_wconf 90' lang='lat' dir='ltr'>earne</span> <span class='ocrx_word' id='word_1_117' title='bbox 977 1706 1039 1769; x_wconf 90' lang='lat' dir='ltr'>duc</span> <span class='ocrx_word' id='word_1_118' title='bbox 1068 1710 1166 1770; x_wconf 87' lang='lat' dir='ltr'>tecum</span> <span class='ocrx_word' id='word_1_119' title='bbox 1198 1711 1358 1785; x_wconf 87' lang='lat' dir='ltr'>onustum;</span> 
     </span>
     <span class='ocr_line' id='line_1_15' title="bbox 284 1795 1358 1877; baseline -0.001 -17"><span class='ocrx_word' id='word_1_120' title='bbox 284 1797 388 1861; x_wconf 88' lang='lat' dir='ltr'>habes</span> <span class='ocrx_word' id='word_1_121' title='bbox 416 1795 583 1859; x_wconf 87' lang='lat' dir='ltr'>caniculam</span> <span class='ocrx_word' id='word_1_122' title='bbox 611 1795 650 1858; x_wconf 94' lang='lat' dir='ltr'>ad</span> <span class='ocrx_word' id='word_1_123' title='bbox 678 1798 729 1858; x_wconf 90' lang='lat' dir='ltr'>tua</span> <span class='ocrx_word' id='word_1_124' title='bbox 756 1795 953 1859; x_wconf 91' lang='lat' dir='ltr'>defendenda</span> <span class='ocrx_word' id='word_1_125' title='bbox 982 1795 1071 1858; x_wconf 87' lang='lat' dir='ltr'>valde</span> <span class='ocrx_word' id='word_1_126' title='bbox 1098 1799 1244 1877; x_wconf 70' lang='lat' dir='ltr'>paratam,</span> <span class='ocrx_word' id='word_1_127' title='bbox 1276 1796 1358 1859; x_wconf 90' lang='lat' dir='ltr'>illam</span> 
     </span>
     <span class='ocr_line' id='line_1_16' title="bbox 284 1884 1358 1966; baseline -0.001 -17"><span class='ocrx_word' id='word_1_128' title='bbox 284 1892 392 1949; x_wconf 90' lang='lat' dir='ltr'>tecum</span> <span class='ocrx_word' id='word_1_129' title='bbox 417 1884 537 1963; x_wconf 89' lang='lat' dir='ltr'>habeto,</span> <span class='ocrx_word' id='word_1_130' title='bbox 560 1902 688 1947; x_wconf 88' lang='lat' dir='ltr'>uxorem</span> <span class='ocrx_word' id='word_1_131' title='bbox 705 1902 832 1965; x_wconf 90' lang='lat' dir='ltr'>quoque</span> <span class='ocrx_word' id='word_1_132' title='bbox 851 1884 1003 1948; x_wconf 87' lang='lat' dir='ltr'>adhibens</span> <span class='ocrx_word' id='word_1_133' title='bbox 1025 1888 1133 1962; x_wconf 89' lang='lat' dir='ltr'>tecum,</span> <span class='ocrx_word' id='word_1_134' title='bbox 1156 1885 1276 1948; x_wconf 90' lang='lat' dir='ltr'>asinum</span> <span class='ocrx_word' id='word_1_135' title='bbox 1301 1903 1358 1966; x_wconf 88' lang='lat' dir='ltr'>pro</span> 
     </span>
    </p>

    <p class='ocr_par' dir='ltr' id='par_1_5' title="bbox 230 1973 1360 2412">
     <span class='ocr_line' id='line_1_17' title="bbox 230 1973 1359 2054; baseline 0 -16"><span class='ocrx_word' id='word_1_136' title='bbox 230 1993 259 2038; x_wconf 75' lang='lat' dir='ltr'>as</span> <span class='ocrx_word' id='word_1_137' title='bbox 286 1992 398 2051; x_wconf 90' lang='lat' dir='ltr'>servo,</span> <span class='ocrx_word' id='word_1_138' title='bbox 430 1991 536 2037; x_wconf 90' lang='lat' dir='ltr'>canem</span> <span class='ocrx_word' id='word_1_139' title='bbox 568 1991 625 2054; x_wconf 92' lang='lat' dir='ltr'>pro</span> <span class='ocrx_word' id='word_1_140' title='bbox 654 1973 769 2051; x_wconf 90' lang='lat' dir='ltr'>amico,</span> <span class='ocrx_word' id='word_1_141' title='bbox 801 1992 929 2037; x_wconf 90' lang='lat' dir='ltr'>uxorem</span> <span class='ocrx_word' id='word_1_142' title='bbox 962 1973 1097 2038; x_wconf 88' lang='lat' dir='ltr'>offerens</span> <span class='ocrx_word' id='word_1_143' title='bbox 1127 1992 1185 2054; x_wconf 90' lang='lat' dir='ltr'>pro</span> <span class='ocrx_word' id='word_1_144' title='bbox 1215 1974 1359 2038; x_wconf 69' lang='lat' dir='ltr'>inimico!</span> 
     </span>
     <span class='ocr_line' id='line_1_18' title="bbox 287 2062 1357 2144; baseline 0 -19"><span class='ocrx_word' id='word_1_145' title='bbox 287 2063 371 2143; x_wconf 73' lang='lat' dir='ltr'>Agit,</span> <span class='ocrx_word' id='word_1_146' title='bbox 395 2063 516 2125; x_wconf 90' lang='lat' dir='ltr'>asinum</span> <span class='ocrx_word' id='word_1_147' title='bbox 540 2062 690 2140; x_wconf 88' lang='lat' dir='ltr'>assumsit,</span> <span class='ocrx_word' id='word_1_148' title='bbox 714 2080 820 2125; x_wconf 90' lang='lat' dir='ltr'>canem</span> <span class='ocrx_word' id='word_1_149' title='bbox 844 2080 949 2127; x_wconf 91' lang='lat' dir='ltr'>secum</span> <span class='ocrx_word' id='word_1_150' title='bbox 973 2063 1085 2144; x_wconf 90' lang='lat' dir='ltr'>pariter</span> <span class='ocrx_word' id='word_1_151' title='bbox 1106 2063 1201 2141; x_wconf 88' lang='lat' dir='ltr'>duxit,</span> <span class='ocrx_word' id='word_1_152' title='bbox 1229 2080 1357 2126; x_wconf 87' lang='lat' dir='ltr'>uxorem</span> 
     </span>
     <span class='ocr_line' id='line_1_19' title="bbox 288 2151 1359 2232; baseline 0 -17"><span class='ocrx_word' id='word_1_153' title='bbox 288 2171 349 2215; x_wconf 90' lang='lat' dir='ltr'>nec</span> <span class='ocrx_word' id='word_1_154' title='bbox 383 2151 481 2231; x_wconf 91' lang='lat' dir='ltr'>liquit.</span> <span class='ocrx_word' id='word_1_155' title='bbox 536 2151 650 2231; x_wconf 85' lang='lat' dir='ltr'>Regem</span> <span class='ocrx_word' id='word_1_156' title='bbox 689 2151 763 2215; x_wconf 92' lang='lat' dir='ltr'>adiit</span> <span class='ocrx_word' id='word_1_157' title='bbox 796 2151 1015 2229; x_wconf 88' lang='lat' dir='ltr'>tristissimum,</span> <span class='ocrx_word' id='word_1_158' title='bbox 1054 2151 1247 2215; x_wconf 88' lang='lat' dir='ltr'>considerare</span> <span class='ocrx_word' id='word_1_159' title='bbox 1281 2170 1359 2232; x_wconf 91' lang='lat' dir='ltr'>quae</span> 
     </span>
     <span class='ocr_line' id='line_1_20' title="bbox 288 2239 1358 2322; baseline 0.001 -18"><span class='ocrx_word' id='word_1_160' title='bbox 288 2240 441 2305; x_wconf 91' lang='lat' dir='ltr'>detulerat</span> <span class='ocrx_word' id='word_1_161' title='bbox 463 2240 603 2320; x_wconf 80' lang='lat' dir='ltr'>flagitans</span> <span class='ocrx_word' id='word_1_162' title='bbox 623 2239 719 2318; x_wconf 90' lang='lat' dir='ltr'>illum,</span> <span class='ocrx_word' id='word_1_163' title='bbox 743 2241 824 2319; x_wconf 86' lang='lat' dir='ltr'>,iste‘,</span> <span class='ocrx_word' id='word_1_164' title='bbox 848 2241 1000 2321; x_wconf 90' lang='lat' dir='ltr'>inquiens,</span> <span class='ocrx_word' id='word_1_165' title='bbox 1024 2240 1086 2322; x_wconf 90' lang='lat' dir='ltr'>,qui</span> <span class='ocrx_word' id='word_1_166' title='bbox 1102 2239 1198 2304; x_wconf 85' lang='lat' dir='ltr'>adstat</span> <span class='ocrx_word' id='word_1_167' title='bbox 1221 2246 1358 2319; x_wconf 89' lang='lat' dir='ltr'>onustus,</span> 
     </span>
     <span class='ocr_line' id='line_1_21' title="bbox 290 2329 1360 2412; baseline 0.001 -19"><span class='ocrx_word' id='word_1_168' title='bbox 290 2347 382 2393; x_wconf 89' lang='lat' dir='ltr'>meus</span> <span class='ocrx_word' id='word_1_169' title='bbox 406 2334 450 2393; x_wconf 91' lang='lat' dir='ltr'>est</span> <span class='ocrx_word' id='word_1_170' title='bbox 472 2347 591 2407; x_wconf 86' lang='lat' dir='ltr'>servus;</span> <span class='ocrx_word' id='word_1_171' title='bbox 621 2329 682 2412; x_wconf 89' lang='lat' dir='ltr'>,ille</span> <span class='ocrx_word' id='word_1_172' title='bbox 707 2330 782 2393; x_wconf 88' lang='lat' dir='ltr'>alter</span> <span class='ocrx_word' id='word_1_173' title='bbox 812 2347 900 2393; x_wconf 92' lang='lat' dir='ltr'>meus</span> <span class='ocrx_word' id='word_1_174' title='bbox 926 2330 1056 2406; x_wconf 88' lang='lat' dir='ltr'>amicus;</span> <span class='ocrx_word' id='word_1_175' title='bbox 1087 2330 1172 2393; x_wconf 87' lang='lat' dir='ltr'>tertia</span> <span class='ocrx_word' id='word_1_176' title='bbox 1199 2347 1288 2393; x_wconf 91' lang='lat' dir='ltr'>meus</span> <span class='ocrx_word' id='word_1_177' title='bbox 1315 2337 1360 2394; x_wconf 87' lang='lat' dir='ltr'>est</span> 
     </span>
    </p>

    <p class='ocr_par' dir='ltr' id='par_1_6' title="bbox 238 2417 1360 2840">
     <span class='ocr_line' id='line_1_22' title="bbox 238 2417 1360 2499; baseline 0 -18"><span class='ocrx_word' id='word_1_178' title='bbox 238 2436 266 2481; x_wconf 84' lang='lat' dir='ltr'>ao</span> <span class='ocrx_word' id='word_1_179' title='bbox 292 2437 358 2499; x_wconf 90' lang='lat' dir='ltr'>quo</span> <span class='ocrx_word' id='word_1_180' title='bbox 371 2419 558 2483; x_wconf 82' lang='lat' dir='ltr'>infestiorem</span> <span class='ocrx_word' id='word_1_181' title='bbox 571 2419 684 2482; x_wconf 90' lang='lat' dir='ltr'>habere</span> <span class='ocrx_word' id='word_1_182' title='bbox 699 2436 750 2481; x_wconf 93' lang='lat' dir='ltr'>me</span> <span class='ocrx_word' id='word_1_183' title='bbox 764 2436 856 2499; x_wconf 91' lang='lat' dir='ltr'>spero</span> <span class='ocrx_word' id='word_1_184' title='bbox 869 2418 1024 2482; x_wconf 91' lang='lat' dir='ltr'>neminem</span> <span class='ocrx_word' id='word_1_185' title='bbox 1038 2418 1198 2482; x_wconf 87' lang='lat' dir='ltr'>inimicus‘.</span> <span class='ocrx_word' id='word_1_186' title='bbox 1220 2417 1360 2482; x_wconf 75' lang='lat' dir='ltr'>Audiens</span> 
     </span>
     <span class='ocr_line' id='line_1_23' title="bbox 293 2506 1359 2590; baseline 0 -18"><span class='ocrx_word' id='word_1_187' title='bbox 293 2510 344 2572; x_wconf 90' lang='lat' dir='ltr'>illa</span> <span class='ocrx_word' id='word_1_188' title='bbox 370 2527 463 2590; x_wconf 88' lang='lat' dir='ltr'>super</span> <span class='ocrx_word' id='word_1_189' title='bbox 492 2508 595 2590; x_wconf 89' lang='lat' dir='ltr'>ignem</span> <span class='ocrx_word' id='word_1_190' title='bbox 626 2506 667 2571; x_wconf 90' lang='lat' dir='ltr'>ait</span> <span class='ocrx_word' id='word_1_191' title='bbox 688 2526 826 2572; x_wconf 89' lang='lat' dir='ltr'>accensa:</span> <span class='ocrx_word' id='word_1_192' title='bbox 861 2508 1074 2586; x_wconf 90' lang='lat' dir='ltr'>,lnimicumne</span> <span class='ocrx_word' id='word_1_193' title='bbox 1101 2526 1151 2572; x_wconf 92' lang='lat' dir='ltr'>me</span> <span class='ocrx_word' id='word_1_194' title='bbox 1177 2511 1264 2571; x_wconf 88' lang='lat' dir='ltr'>tuum</span> <span class='ocrx_word' id='word_1_195' title='bbox 1293 2526 1359 2572; x_wconf 91' lang='lat' dir='ltr'>esse</span> 
     </span>
     <span class='ocr_line' id='line_1_24' title="bbox 294 2597 1357 2679; baseline -0.002 -17"><span class='ocrx_word' id='word_1_196' title='bbox 294 2599 503 2679; x_wconf 86' lang='lat' dir='ltr'>pronuncias?</span> <span class='ocrx_word' id='word_1_197' title='bbox 531 2598 648 2675; x_wconf 87' lang='lat' dir='ltr'>merito,</span> <span class='ocrx_word' id='word_1_198' title='bbox 672 2597 807 2677; x_wconf 87' lang='lat' dir='ltr'>inquam,</span> <span class='ocrx_word' id='word_1_199' title='bbox 831 2615 911 2677; x_wconf 87' lang='lat' dir='ltr'>quae</span> <span class='ocrx_word' id='word_1_200' title='bbox 932 2602 1038 2661; x_wconf 88' lang='lat' dir='ltr'>contra</span> <span class='ocrx_word' id='word_1_201' title='bbox 1059 2597 1141 2678; x_wconf 87' lang='lat' dir='ltr'>regis</span> <span class='ocrx_word' id='word_1_202' title='bbox 1163 2602 1357 2679; x_wconf 88' lang='lat' dir='ltr'>praeceptum</span> 
     </span>
     <span class='ocr_line' id='line_1_25' title="bbox 294 2685 1358 2767; baseline -0.001 -17"><span class='ocrx_word' id='word_1_203' title='bbox 294 2692 347 2752; x_wconf 90' lang='lat' dir='ltr'>tuo</span> <span class='ocrx_word' id='word_1_204' title='bbox 362 2687 480 2751; x_wconf 89' lang='lat' dir='ltr'>servavi</span> <span class='ocrx_word' id='word_1_205' title='bbox 497 2687 582 2767; x_wconf 88' lang='lat' dir='ltr'>patri,</span> <span class='ocrx_word' id='word_1_206' title='bbox 599 2686 653 2750; x_wconf 94' lang='lat' dir='ltr'>tibi</span> <span class='ocrx_word' id='word_1_207' title='bbox 670 2685 827 2764; x_wconf 88' lang='lat' dir='ltr'>obediens,</span> <span class='ocrx_word' id='word_1_208' title='bbox 847 2687 957 2750; x_wconf 87' lang='lat' dir='ltr'>vitam‘.</span> <span class='ocrx_word' id='word_1_209' title='bbox 996 2686 1184 2750; x_wconf 80' lang='lat' dir='ltr'>Adolescens</span> <span class='ocrx_word' id='word_1_210' title='bbox 1199 2686 1237 2749; x_wconf 90' lang='lat' dir='ltr'>ad</span> <span class='ocrx_word' id='word_1_211' title='bbox 1255 2703 1358 2766; x_wconf 89' lang='lat' dir='ltr'>regem</span> 
     </span>
     <span class='ocr_line' id='line_1_26' title="bbox 295 2774 1359 2840; baseline -0.001 -1"><span class='ocrx_word' id='word_1_212' title='bbox 295 2793 477 2840; x_wconf 90' lang='lat' dir='ltr'>conversus:</span> <span class='ocrx_word' id='word_1_213' title='bbox 504 2774 643 2840; x_wconf 81' lang='lat' dir='ltr'>„videtur</span> <span class='ocrx_word' id='word_1_214' title='bbox 658 2793 697 2838; x_wconf 91' lang='lat' dir='ltr'>ne</span> <span class='ocrx_word' id='word_1_215' title='bbox 713 2779 828 2839; x_wconf 87' lang='lat' dir='ltr'>vestrae</span> <span class='ocrx_word' id='word_1_216' title='bbox 844 2775 989 2839; x_wconf 90' lang='lat' dir='ltr'>maiestati</span> <span class='ocrx_word' id='word_1_217' title='bbox 1013 2775 1167 2838; x_wconf 89' lang='lat' dir='ltr'>inimicam</span> <span class='ocrx_word' id='word_1_218' title='bbox 1192 2777 1271 2840; x_wconf 89' lang='lat' dir='ltr'>hanc</span> <span class='ocrx_word' id='word_1_219' title='bbox 1292 2793 1359 2839; x_wconf 89' lang='lat' dir='ltr'>esse</span> 
     </span>
    </p>

    <p class='ocr_par' dir='ltr' id='par_1_7' title="bbox 245 2863 1360 3301">
     <span class='ocr_line' id='line_1_27' title="bbox 245 2863 1360 2946; baseline 0.001 -20"><span class='ocrx_word' id='word_1_220' title='bbox 245 2879 271 2925; x_wconf 73' lang='lat' dir='ltr'>aa</span> <span class='ocrx_word' id='word_1_221' title='bbox 295 2865 412 2928; x_wconf 71' lang='lat' dir='ltr'>mihiit</span> <span class='ocrx_word' id='word_1_222' title='bbox 464 2864 610 2942; x_wconf 76' lang='lat' dir='ltr'>„Valde¹¹,</span> <span class='ocrx_word' id='word_1_223' title='bbox 642 2863 829 2946; x_wconf 89' lang='lat' dir='ltr'>respondent</span> <span class='ocrx_word' id='word_1_224' title='bbox 856 2864 920 2942; x_wconf 86' lang='lat' dir='ltr'>ille;</span> <span class='ocrx_word' id='word_1_225' title='bbox 957 2864 1020 2943; x_wconf 88' lang='lat' dir='ltr'>,sed</span> <span class='ocrx_word' id='word_1_226' title='bbox 1052 2869 1154 2927; x_wconf 90' lang='lat' dir='ltr'>utrum</span> <span class='ocrx_word' id='word_1_227' title='bbox 1184 2882 1292 2942; x_wconf 76' lang='lat' dir='ltr'>verum</span> <span class='ocrx_word' id='word_1_228' title='bbox 1321 2864 1360 2928; x_wconf 91' lang='lat' dir='ltr'>sit</span> 
     </span>
     <span class='ocr_line' id='line_1_28' title="bbox 295 2952 1360 3032; baseline 0.002 -16"><span class='ocrx_word' id='word_1_229' title='bbox 295 2953 366 3018; x_wconf 91' lang='lat' dir='ltr'>volo</span> <span class='ocrx_word' id='word_1_230' title='bbox 389 2953 542 3018; x_wconf 70' lang='lat' dir='ltr'>edisceret</span> <span class='ocrx_word' id='word_1_231' title='bbox 588 2955 711 3032; x_wconf 87' lang='lat' dir='ltr'>,Verum</span> <span class='ocrx_word' id='word_1_232' title='bbox 735 2957 796 3032; x_wconf 86' lang='lat' dir='ltr'>est‘,</span> <span class='ocrx_word' id='word_1_233' title='bbox 822 2953 871 3016; x_wconf 90' lang='lat' dir='ltr'>ait.</span> <span class='ocrx_word' id='word_1_234' title='bbox 918 2953 1049 3032; x_wconf 82' lang='lat' dir='ltr'>,Gratias</span> <span class='ocrx_word' id='word_1_235' title='bbox 1071 2952 1150 3031; x_wconf 84' lang='lat' dir='ltr'>deo‘,</span> <span class='ocrx_word' id='word_1_236' title='bbox 1178 2952 1360 3018; x_wconf 88' lang='lat' dir='ltr'>laetissimus</span> 
     </span>
     <span class='ocr_line' id='line_1_29' title="bbox 296 3042 1358 3124; baseline 0.001 -20"><span class='ocrx_word' id='word_1_237' title='bbox 296 3043 344 3106; x_wconf 90' lang='lat' dir='ltr'>ille</span> <span class='ocrx_word' id='word_1_238' title='bbox 374 3042 543 3124; x_wconf 90' lang='lat' dir='ltr'>respondit.</span> <span class='ocrx_word' id='word_1_239' title='bbox 589 3042 698 3121; x_wconf 89' lang='lat' dir='ltr'>,Curre</span> <span class='ocrx_word' id='word_1_240' title='bbox 729 3043 833 3123; x_wconf 85' lang='lat' dir='ltr'>igitur.</span> <span class='ocrx_word' id='word_1_241' title='bbox 864 3061 952 3107; x_wconf 90' lang='lat' dir='ltr'>curre</span> <span class='ocrx_word' id='word_1_242' title='bbox 981 3047 1011 3106; x_wconf 97' lang='lat' dir='ltr'>et</span> <span class='ocrx_word' id='word_1_243' title='bbox 1041 3043 1117 3105; x_wconf 91' lang='lat' dir='ltr'>mihi</span> <span class='ocrx_word' id='word_1_244' title='bbox 1147 3043 1256 3107; x_wconf 90' lang='lat' dir='ltr'>festina</span> <span class='ocrx_word' id='word_1_245' title='bbox 1287 3060 1358 3107; x_wconf 90' lang='lat' dir='ltr'>eum</span> 
     </span>
     <span class='ocr_line' id='line_1_30' title="bbox 297 3130 1359 3213; baseline 0 -18"><span class='ocrx_word' id='word_1_246' title='bbox 297 3132 456 3196; x_wconf 87' lang='lat' dir='ltr'>reducere‘.</span> <span class='ocrx_word' id='word_1_247' title='bbox 501 3132 609 3195; x_wconf 81' lang='lat' dir='ltr'>Actum</span> <span class='ocrx_word' id='word_1_248' title='bbox 633 3136 685 3196; x_wconf 89' lang='lat' dir='ltr'>est.</span> <span class='ocrx_word' id='word_1_249' title='bbox 724 3130 928 3196; x_wconf 78' lang='lat' dir='ltr'>consiliarius</span> <span class='ocrx_word' id='word_1_250' title='bbox 951 3133 1032 3212; x_wconf 88' lang='lat' dir='ltr'>regis</span> <span class='ocrx_word' id='word_1_251' title='bbox 1054 3132 1190 3213; x_wconf 91' lang='lat' dir='ltr'>optimus</span> <span class='ocrx_word' id='word_1_252' title='bbox 1214 3131 1359 3210; x_wconf 88' lang='lat' dir='ltr'>redditur,</span> 
     </span>
     <span class='ocr_line' id='line_1_31' title="bbox 297 3221 1359 3301; baseline 0.001 -18"><span class='ocrx_word' id='word_1_253' title='bbox 297 3221 473 3286; x_wconf 87' lang='lat' dir='ltr'>adolescens</span> <span class='ocrx_word' id='word_1_254' title='bbox 495 3239 513 3283; x_wconf 94' lang='lat' dir='ltr'>a</span> <span class='ocrx_word' id='word_1_255' title='bbox 536 3221 643 3284; x_wconf 88' lang='lat' dir='ltr'>mortis</span> <span class='ocrx_word' id='word_1_256' title='bbox 666 3221 794 3284; x_wconf 90' lang='lat' dir='ltr'>instante</span> <span class='ocrx_word' id='word_1_257' title='bbox 810 3221 948 3301; x_wconf 90' lang='lat' dir='ltr'>periculo</span> <span class='ocrx_word' id='word_1_258' title='bbox 964 3221 1116 3298; x_wconf 87' lang='lat' dir='ltr'>liberatur,</span> <span class='ocrx_word' id='word_1_259' title='bbox 1141 3239 1220 3285; x_wconf 90' lang='lat' dir='ltr'>uxor</span> <span class='ocrx_word' id='word_1_260' title='bbox 1234 3226 1280 3285; x_wconf 92' lang='lat' dir='ltr'>est</span> <span class='ocrx_word' id='word_1_261' title='bbox 1295 3238 1359 3284; x_wconf 93' lang='lat' dir='ltr'>non</span> 
     </span>
    </p>

    <p class='ocr_par' dir='ltr' id='par_1_8' title="bbox 250 3309 1360 3481">
     <span class='ocr_line' id='line_1_32' title="bbox 250 3309 1360 3392; baseline 0.004 -23"><span class='ocrx_word' id='word_1_262' title='bbox 250 3325 274 3369; x_wconf 66' lang='grc' dir='ltr'>ιο</span> <span class='ocrx_word' id='word_1_263' title='bbox 297 3328 396 3374; x_wconf 87' lang='lat' dir='ltr'>amare</span> <span class='ocrx_word' id='word_1_264' title='bbox 432 3310 588 3388; x_wconf 91' lang='lat' dir='ltr'>iuvenem,</span> <span class='ocrx_word' id='word_1_265' title='bbox 620 3314 653 3374; x_wconf 91' lang='lat' dir='ltr'>ut</span> <span class='ocrx_word' id='word_1_266' title='bbox 682 3310 850 3389; x_wconf 88' lang='lat' dir='ltr'>videbatur,</span> <span class='ocrx_word' id='word_1_267' title='bbox 884 3309 1008 3390; x_wconf 85' lang='lat' dir='ltr'>detecta,</span> <span class='ocrx_word' id='word_1_268' title='bbox 1043 3328 1122 3392; x_wconf 88' lang='lat' dir='ltr'>quae</span> <span class='ocrx_word' id='word_1_269' title='bbox 1152 3311 1219 3374; x_wconf 89' lang='lat' dir='ltr'>fore</span> <span class='ocrx_word' id='word_1_270' title='bbox 1254 3311 1360 3391; x_wconf 90' lang='lat' dir='ltr'>utique</span> 
     </span>
     <span class='ocr_line' id='line_1_33' title="bbox 296 3398 1086 3481; baseline 0.003 -20"><span class='ocrx_word' id='word_1_271' title='bbox 296 3400 477 3464; x_wconf 88' lang='lat' dir='ltr'>amicissima</span> <span class='ocrx_word' id='word_1_272' title='bbox 504 3403 666 3480; x_wconf 88' lang='lat' dir='ltr'>putaretur,</span> <span class='ocrx_word' id='word_1_273' title='bbox 698 3398 755 3462; x_wconf 93' lang='lat' dir='ltr'>nisi</span> <span class='ocrx_word' id='word_1_274' title='bbox 779 3399 875 3462; x_wconf 89' lang='lat' dir='ltr'>taliter</span> <span class='ocrx_word' id='word_1_275' title='bbox 898 3401 1086 3481; x_wconf 84' lang='lat' dir='ltr'>probaretur.</span> 
     </span>
    </p>
   </div>
   <div class='ocr_carea' id='block_1_3' title="bbox 454 3697 1195 3878">
    <p class='ocr_par' dir='ltr' id='par_1_9' title="bbox 454 3697 1195 3878">
     <span class='ocr_line' id='line_1_34' title="bbox 454 3697 1195 3787; baseline -0.001 -20"><span class='ocrx_word' id='word_1_276' title='bbox 454 3703 487 3767; x_wconf 86' lang='grc'>9.</span> <span class='ocrx_word' id='word_1_277' title='bbox 521 3697 612 3768; x_wconf 80' lang='lat' dir='ltr'>Petri</span> <span class='ocrx_word' id='word_1_278' title='bbox 637 3699 793 3786; x_wconf 62' lang='lat' dir='ltr'>alphonsi</span> <span class='ocrx_word' id='word_1_279' title='bbox 819 3699 994 3787; x_wconf 82' lang='lat' dir='ltr'>discipllna</span> <span class='ocrx_word' id='word_1_280' title='bbox 1017 3697 1195 3769; x_wconf 73' lang='lat' dir='ltr'>clericelle.</span> 
     </span>
     <span class='ocr_line' id='line_1_35' title="bbox 720 3821 934 3878; baseline 0 -12"><span class='ocrx_word' id='word_1_281' title='bbox 720 3823 764 3878; x_wconf 67' lang='lat' dir='ltr'>(aa.</span> <span class='ocrx_word' id='word_1_282' title='bbox 777 3823 803 3867; x_wconf 92' lang='lat' dir='ltr'>v.</span> <span class='ocrx_word' id='word_1_283' title='bbox 819 3821 934 3876; x_wconf 72' lang='lat' dir='ltr'>suniat)</span> 
     </span>
    </p>
   </div>
   <div class='ocr_carea' id='block_1_4' title="bbox 729 3915 928 3978">
    <p class='ocr_par' dir='ltr' id='par_1_10' title="bbox 729 3915 928 3978">
     <span class='ocr_line' id='line_1_36' title="bbox 729 3915 928 3978; baseline 0 0"><span class='ocrx_word' id='word_1_284' title='bbox 729 3917 762 3978; x_wconf 92' lang='lat' dir='ltr'>ll.</span> <span class='ocrx_word' id='word_1_285' title='bbox 810 3915 928 3978; x_wconf 86' lang='grc'><strong>8-10.</strong></span> 
     </span>
    </p>
   </div>
   <div class='ocr_carea' id='block_1_5' title="bbox 301 4021 1435 4280">
    <p class='ocr_par' dir='ltr' id='par_1_11' title="bbox 301 4021 1435 4280">
     <span class='ocr_line' id='line_1_37' title="bbox 386 4021 1359 4100; baseline -0.005 -13"><span class='ocrx_word' id='word_1_286' title='bbox 386 4030 413 4087; x_wconf 90' lang='lat'>8.</span> <span class='ocrx_word' id='word_1_287' title='bbox 437 4022 537 4087; x_wconf 86' lang='lat' dir='ltr'>llrabs</span> <span class='ocrx_word' id='word_1_288' title='bbox 560 4022 735 4100; x_wconf 90' lang='lat' dir='ltr'>moriturus,</span> <span class='ocrx_word' id='word_1_289' title='bbox 759 4026 866 4086; x_wconf 90' lang='lat' dir='ltr'>vocato</span> <span class='ocrx_word' id='word_1_290' title='bbox 882 4022 949 4085; x_wconf 90' lang='lat' dir='ltr'>filio</span> <span class='ocrx_word' id='word_1_291' title='bbox 968 4040 1035 4100; x_wconf 90' lang='lat' dir='ltr'>suo,</span> <span class='ocrx_word' id='word_1_292' title='bbox 1059 4021 1135 4084; x_wconf 91' lang='lat' dir='ltr'>dixit</span> <span class='ocrx_word' id='word_1_293' title='bbox 1158 4022 1199 4085; x_wconf 92' lang='lat' dir='ltr'>ei:</span> <span class='ocrx_word' id='word_1_294' title='bbox 1225 4021 1291 4098; x_wconf 90' lang='lat' dir='ltr'>Dic,</span> <span class='ocrx_word' id='word_1_295' title='bbox 1315 4021 1359 4083; x_wconf 94' lang='lat' dir='ltr'>fili</span> 
     </span>
     <span class='ocr_line' id='line_1_38' title="bbox 301 4109 1435 4192; baseline -0.003 -17"><span class='ocrx_word' id='word_1_296' title='bbox 301 4116 372 4190; x_wconf 90' lang='lat' dir='ltr'>quot</span> <span class='ocrx_word' id='word_1_297' title='bbox 386 4112 449 4189; x_wconf 91' lang='lat' dir='ltr'>tibi,</span> <span class='ocrx_word' id='word_1_298' title='bbox 466 4112 542 4175; x_wconf 94' lang='lat' dir='ltr'>dum</span> <span class='ocrx_word' id='word_1_299' title='bbox 559 4111 667 4190; x_wconf 87' lang='lat' dir='ltr'>vixisti,</span> <span class='ocrx_word' id='word_1_300' title='bbox 682 4112 859 4192; x_wconf 90' lang='lat' dir='ltr'>acquisieris</span> <span class='ocrx_word' id='word_1_301' title='bbox 874 4111 1012 4175; x_wconf 89' lang='lat' dir='ltr'>amicos?</span> <span class='ocrx_word' id='word_1_302' title='bbox 1040 4146 1067 4154; x_wconf 90' lang='lat'><em>-</em></span> <span class='ocrx_word' id='word_1_303' title='bbox 1093 4109 1263 4190; x_wconf 88' lang='lat' dir='ltr'>Respondit</span> <span class='ocrx_word' id='word_1_304' title='bbox 1277 4109 1361 4172; x_wconf 89' lang='lat' dir='ltr'>filius</span> <span class='ocrx_word' id='word_1_305' title='bbox 1427 4133 1435 4146; x_wconf 87' lang='lat'><em>·</em></span> 
     </span>
     <span class='ocr_line' id='line_1_39' title="bbox 301 4198 1361 4280; baseline -0.004 -18"><span class='ocrx_word' id='word_1_306' title='bbox 301 4201 427 4265; x_wconf 82' lang='lat' dir='ltr'>etdixit:</span> <span class='ocrx_word' id='word_1_307' title='bbox 449 4200 593 4280; x_wconf 89' lang='lat' dir='ltr'>Centum,</span> <span class='ocrx_word' id='word_1_308' title='bbox 609 4205 641 4264; x_wconf 90' lang='lat' dir='ltr'>ul</span> <span class='ocrx_word' id='word_1_309' title='bbox 656 4201 795 4279; x_wconf 88' lang='lat' dir='ltr'>arbitror,</span> <span class='ocrx_word' id='word_1_310' title='bbox 810 4199 958 4280; x_wconf 76' lang='lat' dir='ltr'>acquisivi</span> <span class='ocrx_word' id='word_1_311' title='bbox 976 4198 1050 4261; x_wconf 92' lang='lat' dir='ltr'>mihi</span> <span class='ocrx_word' id='word_1_312' title='bbox 1066 4199 1190 4261; x_wconf 89' lang='lat' dir='ltr'>amicos.</span> <span class='ocrx_word' id='word_1_313' title='bbox 1219 4233 1245 4242; x_wconf 94' lang='lat'><em>-</em></span> <span class='ocrx_word' id='word_1_314' title='bbox 1277 4198 1361 4260; x_wconf 89' lang='lat' dir='ltr'>Dixit</span> 
     </span>
    </p>
   </div>
   <div class='ocr_carea' id='block_1_6' title="bbox 0 0 1772 5025">
    <p class='ocr_par' dir='ltr' id='par_1_12' title="bbox 0 0 1772 5025">
     <span class='ocr_line' id='line_1_40' title="bbox 0 0 1772 5025; baseline 0 0"><span class='ocrx_word' id='word_1_315' title='bbox 0 0 1772 5025; x_wconf 95' lang='lat' dir='ltr'> </span> 
     </span>
    </p>
   </div>
  </div>
 </body>
</html>
