3525 5025
888 532 1109 591 ...53-

467 706 565 771 Vnam
582 723 708 787 paruam
726 705 917 785 peticionem,
941 709 1103 785 antequam
1121 705 1242 783 moriar,
1259 703 1414 767 humiliter
1428 705 1513 782 peto.l
1566 673 1567 707 ¹

468 795 532 870 Qui
555 795 608 859 ait:
642 794 735 859 „Pete
761 812 780 857 a
807 811 857 858 me
885 793 961 873 quid
990 794 1139 858 volueris!
1188 795 1224 855 Et
1250 794 1276 856 si
1305 796 1352 856 est
1379 788 1517 872 possibile,

467 884 523 947 tibi
546 883 659 947 dabo.t
707 883 746 947 At
769 883 832 946 illa:
863 882 958 948 „Post
982 900 1085 946 meum
1109 883 1270 945 decessum
1292 882 1384 945 aliam
1407 894 1517 942 uxoren

468 972 606 1054 accipies.
648 972 738 1053 Rogo
762 976 795 1035 ut
821 972 872 1036 illa
895 975 1072 1053 potestatem
1096 990 1191 1052 super
1212 971 1312 1034 illium
1339 987 1440 1032 meum
1466 982 1518 1029 non
1567 1042 1568 1051 ἵ

415 1080 443 1125 u
469 1062 591 1139 lrabeat;
620 1061 676 1125 sed
700 1060 850 1125 nutriatur
872 1059 966 1140 longe
988 1061 1027 1124 ab
1051 1078 1094 1138 ea,
1119 1065 1152 1123 ut
1175 1061 1271 1141 possit
1293 1057 1472 1140 sapienciam
1493 1072 1521 1115 ac
1567 1054 1568 1061 ’

469 1150 639 1214 doctrinam
663 1150 850 1230 acquireret
887 1149 938 1213 ait
961 1149 1138 1230 imperator:
1166 1149 1332 1227 „Domina
1356 1158 1437 1210 tuam
1460 1143 1521 1224 peti-

468 1240 590 1305 cionem
607 1239 776 1302 concedo*¹
815 1239 886 1302 iliis
901 1238 989 1303 dictis
1005 1239 1091 1302 vertit
1110 1256 1143 1302 se
1165 1238 1204 1300 ad
1224 1238 1371 1319 parietem
1395 1240 1423 1298 et
1438 1230 1522 1296 emisit

468 1329 619 1410 spiritum.
667 1329 834 1408 imperator
856 1327 959 1391 multis
981 1327 1093 1392 diebus
1118 1331 1245 1391 mortem
1270 1327 1338 1390 eius
1368 1322 1478 1406 planxit
1499 1324 1522 1381 et

469 1436 536 1482 eam
577 1415 748 1481 honorilice
785 1417 942 1497 sepulture
975 1416 1107 1481 tradidit.
1167 1416 1241 1479 Post
1274 1416 1343 1479 eius
1378 1414 1521 1476 decessum

415 1526 443 1571 ao
471 1507 636 1587 imperator
669 1506 760 1570 tristis
793 1506 883 1569 valde
913 1509 975 1569 erat
1005 1524 1062 1569 nec
1095 1524 1114 1568 a
1143 1505 1241 1569 multo
1275 1510 1417 1585 tempore
1448 1496 1522 1563 uxori

469 1596 607 1676 copulari
631 1595 762 1658 uolebat.
808 1594 891 1659 Cum
915 1612 989 1658 vero
1017 1594 1110 1659 semel
1135 1595 1165 1657 in
1190 1598 1281 1657 stratu
1307 1611 1367 1657 suo
1392 1589 1522 1661 iacuisset,

470 1684 614 1764 cogitauit
652 1684 692 1747 de
725 1683 791 1746 lilio
825 1702 885 1748 suo
922 1683 1028 1746 intime
1062 1682 1229 1763 dicensque
1268 1684 1299 1745 in
1336 1680 1430 1746 corde
1461 1692 1521 1739 suo:

473 1774 623 1839 ‚Tantum
648 1773 771 1835 vnicum
788 1772 889 1835 tilium
906 1773 1014 1850 habe0,
1038 1772 1091 1852 qui
1109 1773 1197 1835 heres
1213 1790 1301 1835 meus
1317 1772 1383 1835 erit.
1416 1768 1522 1831 Bonum

471 1866 516 1925 est
546 1866 590 1940 ut,
626 1880 696 1925 cum
732 1862 854 1925 iuuenis
889 1861 992 1939 tuerit,
1027 1860 1197 1925 doctrinam
1231 1865 1324 1941 atque
1355 1854 1521 1940 sapiencian

417 1970 445 2015 as
471 1949 615 2029 addiscat,
639 1969 810 2032 perquam
836 1955 906 2031 post
929 1968 1033 2013 meum
1049 1950 1218 2014 discessum
1243 1950 1410 2031 imperium
1435 1957 1524 2023 regere

472 2041 595 2121 possitl
638 2040 729 2103 Mane
752 2058 834 2117 vero,
858 2058 929 2103 cum
954 2040 1091 2117 surrexit,
1115 2040 1238 2105 uocauit
1260 2043 1398 2120 satrapas
1420 2027 1523 2113 imperii

472 2135 501 2193 et
523 2146 616 2210 super
631 2129 691 2192 lioc
707 2128 870 2192 consilium
889 2128 1027 2192 habebat.
1063 2128 1174 2192 arilli:
1202 2128 1369 2205 „Domine
1394 2127 1424 2189 in
1441 2122 1524 2190 Roma
1570 2142 1571 2159 ³

471 2223 543 2281 sunt
566 2219 637 2281 ‚Vll
655 2218 814 2298 sapientes,
838 2219 892 2297 qui
909 2236 1018 2281 omnes
1035 2218 1196 2297 magistros
1212 2216 1321 2279 mundi
1338 2217 1372 2279 in
1389 2206 1524 2294 sapiencia

471 2326 507 2370 ac
529 2307 668 2369 doctrina
689 2307 848 2371 excellunt
895 2308 981 2369 Vnus
1009 2325 1117 2370 eorum
1146 2310 1279 2383 vocetur,
1312 2306 1375 2385 (Bl.
1401 2299 1481 2377 38v.)
1502 2298 1525 2356 ei

417 2416 445 2461 ao
472 2396 515 2459 illi
539 2414 616 2476 puer
638 2396 772 2458 tradatur
793 2396 832 2458 ad
858 2396 1056 2459 nutriendum
1073 2414 1108 2458 ac
1131 2394 1405 2458 doctrinandumu
1443 2392 1524 2466 tmpe-

475 2488 557 2548 rator
579 2503 654 2549 vero
677 2485 775 2549 statim
800 2485 911 2549 litteras
938 2484 1032 2550 anulo
1060 2502 1117 2548 suo
1141 2484 1273 2565 signatas
1297 2484 1381 2548 misit
1402 2482 1440 2546 ad
1463 2473 1522 2541 ,vll

473 2575 633 2655 sapientes,
662 2579 696 2638 ut
718 2575 784 2637 sine
808 2575 944 2638 ulteriori
968 2574 1119 2637 dilacione
1141 2574 1180 2636 ad
1204 2593 1275 2636 eum
1299 2575 1446 2637 venirent.
1489 2561 1524 2626 llll

473 2682 547 2728 vero
563 2665 662 2727 statim
679 2668 836 2727 venerunt.
860 2663 941 2726 Cum
955 2667 1056 2726 autem
1069 2663 1230 2739 venissent,
1246 2663 1287 2725 ait
1302 2663 1346 2726 eis
1361 2659 1523 2742 imperator:

476 2754 591 2829 „Scitis
627 2753 785 2830 karissimi,
818 2771 913 2832 quare
946 2771 1003 2833 pro
1039 2752 1131 2816 uobis
1165 2752 1359 2815 misissem?¹¹
1416 2750 1452 2812 nt
1479 2740 1524 2805 illi:

419 2862 447 2909 eu
478 2843 643 2921 „Domine
668 2842 789 2924 penitus
813 2842 1021 2922 ignoramus.‘⁴
1070 2841 1134 2915 Qui
1157 2841 1212 2904 ait:
1240 2841 1393 2906 „Tantum
1417 2836 1523 2902 unicun

474 2932 573 2995 tilium
590 2932 698 3010 habe0,
722 2932 799 2995 sicut
814 2931 904 2995 vobis
924 2931 1003 2995 bene
1018 2935 1143 3008 constat,
1167 2930 1314 3010 quemad
1332 2923 1525 2993 nutriendum,

474 3022 711 3084 doctrinandum
735 3021 825 3084 vobis
854 3020 980 3097 tradam,
1000 3023 1045 3083 ·ut
1068 3039 1123 3101 per
1145 3024 1274 3083 vestram
1305 3018 1473 3082 doctrinam
1498 3023 1526 3069 ac

474 3110 657 3191 sapienciam
683 3110 779 3190 possit
803 3110 967 3191 imperium
999 3109 1068 3190 p'ost
1091 3126 1194 3172 meum
1219 3108 1379 3171 decessum
1406 3107 1522 3184 regere·“

474 3199 525 3261 Ait
547 3199 665 3279 primus
689 3199 839 3278 magister,
863 3198 911 3261 cui
936 3216 1050 3261 nomen
1076 3197 1235 3261 Bantillus:
1268 3197 1433 3273 „Domine
1455 3183 1527 3253 trade

421 3307 448 3352 uo
476 3287 567 3349 michi
599 3286 698 3350 lilium
729 3291 816 3350 tuum
847 3287 886 3350 ad
919 3287 1116 3351 nutriendum
1147 3290 1176 3350 et
1205 3284 1456 3351 doctrinandum!
1499 3274 1527 3371 Ei

476 3393 546 3437 eum
577 3371 684 3438 faciam
716 3377 792 3440 scire
824 3381 972 3456 quantum
1005 3395 1064 3456 ego
1091 3377 1155 3439 scio
1183 3379 1212 3438 et
1240 3392 1350 3438 omnes
1377 3372 1450 3438 socii
1477 3379 1526 3429 net

475 3464 575 3527 sciunt
598 3464 675 3528 inira
699 3467 769 3529 .Vll.
785 3478 913 3529 annos.¹¹
949 3465 1000 3529 ait
1015 3466 1169 3529 secundus
1186 3464 1336 3543 magister,
1359 3465 1409 3528 cui
1426 3467 1525 3525 nomen

478 3553 635 3617 Lentulus:
662 3555 826 3632 „Domine
850 3572 868 3616 a
892 3555 989 3618 multo
1012 3560 1150 3636 tempore
1173 3553 1226 3617 tibi
1250 3554 1365 3616 seruiui
1389 3558 1419 3617 et
1440 3546 1528 3612 adhuc

477 3642 648 3706 mercedem
674 3643 813 3707 nondum
838 3645 951 3724 accepi.
996 3643 1057 3708 Pro
1082 3642 1222 3706 mercede
1245 3642 1338 3705 nichil
1362 3642 1444 3706 aliud
1468 3635 1526 3716 peto

421 3750 449 3796 so
476 3732 533 3794 nisi
559 3737 592 3794 ut
615 3733 707 3796 michi
731 3733 830 3795 lilium
854 3733 893 3796 ad
918 3732 1115 3795 nutriendum
1138 3731 1247 3795 tradas.
1291 3732 1327 3794 Et
1350 3749 1410 3811 ego
1432 3725 1526 3791 facian

476 3839 547 3884 eum
578 3822 656 3885 scire
686 3825 834 3902 quantum
866 3840 925 3902 ego
956 3822 1019 3885 scio
1050 3827 1079 3885 et
1107 3838 1217 3887 omnes
1247 3820 1321 3883 socii
1352 3820 1412 3882 mei
1442 3809 1528 3880 sciunt

477 3909 555 3972 inira
578 3912 636 3974 .Vl.
660 3925 787 3974 annos.u
835 3911 886 3973 nit
908 3911 1018 3974 tercius
1042 3911 1191 3990 magister,
1216 3909 1264 3972 cui
1289 3927 1403 3972 nomen
1430 3902 1527 3975 Katho:

480 3999 644 4076 „Domine
668 4001 772 4080 sepius
795 3999 825 4063 in
850 3999 988 4080 periculo
1004 4000 1064 4062 vite
1087 4018 1155 4062 mee
1176 4003 1275 4062 tecum
1300 4016 1383 4061 mare
1406 3985 1526 4060 transiui.

477 4089 645 4168 Nunquam
671 4089 842 4152 mercedem
866 4107 883 4150 a
907 4093 935 4151 te
959 4088 1097 4168 optinere
1121 4087 1215 4169 potui.
1251 4087 1353 4150 Nichil
1376 4085 1458 4149 aliud
1480 4091 1527 4162 pro

423 4195 450 4240 uo
478 4177 618 4240 mercede
640 4196 738 4258 quero
767 4177 824 4241 nisi
849 4181 883 4239 ut
909 4176 1009 4240 tradas
1033 4176 1125 4239 michi
1148 4175 1247 4237 filium
1272 4174 1310 4237 ad
1335 4172 1528 4238 nutriendum

478 4265 722 4327 doctrinandum.
755 4266 790 4325 Et
812 4281 872 4340 ego
895 4263 1003 4324 faciam
1027 4280 1097 4323 eum
1122 4264 1199 4325 scire
1222 4267 1371 4341 quantum
1396 4281 1454 4342 ego
1475 4255 1527 4323 scio
