3525 5025
676 491 896 547 ..69-

272 667 297 725 et
316 681 415 727 omnes
437 664 511 727 socii
537 663 598 725 mei
627 662 706 725 inira
729 664 771 726 .V.
798 662 929 743 [annos],
961 662 985 726 si
1009 664 1048 726 ad
1077 664 1138 727 hoc
1160 663 1319 743 ingenium

272 752 373 814 habeta
419 752 557 816 Surrexit
579 755 705 831 quartus
728 753 878 832 magister,
907 752 956 815 cui
981 770 1095 816 nornen
1120 751 1319 832 hlaiquidrac,

271 841 432 904 macilentus
454 841 553 917 valde,
577 845 607 903 et
620 842 673 903 ait:
699 842 856 906 „Domine
873 841 924 914 mi,
948 840 987 903 ad
1012 841 1192 905 memoriam
1217 841 1319 919 reduc,

226 946 250 989 n
271 929 416 1008 quomodo
445 948 506 1010 ego
534 934 564 993 et
590 947 700 993 omnes
729 930 789 993 mei
820 930 1054 1010 predecessores
1084 930 1320 1010 imperatoribus

271 1019 502 1083 ministrauerunt
516 1023 547 1081 et
562 1018 733 1082 mercedem
755 1019 870 1082 nullam
889 1020 1069 1099 recepimus.
1104 1018 1210 1093 Quare
1226 1019 1319 1083 nichil

270 1107 341 1169 aliud
367 1113 435 1188 peto
463 1126 522 1189 pro
550 1107 690 1170 mercede
721 1108 779 1171 nisi
804 1113 837 1170 ut
860 1106 953 1171 michi
984 1108 1084 1170 lilium
1108 1112 1196 1171 tuum
1220 1108 1321 1173 tradas

270 1196 301 1257 ad
328 1196 531 1273 nutriendum,
560 1196 806 1260 doctrinandum.
854 1197 890 1259 Et
917 1214 976 1277 ego
999 1196 1106 1261 iaciam
1140 1216 1211 1260 eum
1242 1198 1320 1260 scire

271 1291 402 1364 quantum
429 1304 489 1366 ego
520 1286 584 1349 scio
613 1290 642 1348 et
671 1303 781 1349 omnes
808 1286 883 1349 socii
915 1286 974 1349 rnei
1003 1285 1083 1348 inira
1106 1286 1163 1351 .lV.
1188 1298 1317 1351 annos.¹¹

227 1390 250 1433 cn
270 1372 390 1437 Surrexit
421 1376 548 1454 quintus
584 1375 738 1454 magister,
778 1376 827 1438 cui
862 1393 977 1438 nomen
1006 1374 1172 1455 Josephus,
1212 1379 1240 1438 el
1268 1377 1319 1439 ait:

273 1462 413 1526 ‚Domine
436 1465 487 1540 mi,
512 1482 606 1526 senex
620 1482 690 1526 sum
710 1469 739 1527 et
753 1482 875 1544 semper
891 1464 1010 1544 primus
1025 1463 1063 1526 ad
1080 1464 1208 1528 consilia
1223 1470 1320 1527 vestra

270 1554 358 1614 vocari
379 1553 525 1615 solebam.
556 1552 629 1627 Que
650 1559 752 1615 autem
768 1553 896 1616 consilia
920 1553 1010 1616 vobis
1032 1553 1180 1630 dederim,
1204 1558 1321 1617 constal

271 1640 421 1719 pmdencia
435 1647 543 1719 vestre,
567 1647 596 1704 et
618 1661 710 1722 quarn
735 1642 889 1704 vtilitatem
906 1662 943 1705 ex
960 1643 1020 1705 hoc
1042 1641 1191 1706 habuistis
1211 1660 1321 1707 omnes

270 1734 372 1810 satrape
394 1735 557 1795 nouerunt
596 1732 763 1811 Nunquam
787 1732 889 1794 adhuc
906 1731 1078 1794 mercedem
1103 1731 1195 1794 michi
1219 1731 1321 1794 reddi-

228 1833 251 1877 cs
271 1817 351 1881 distis.
394 1821 495 1882 Nichil
520 1819 603 1883 aliud
627 1838 725 1900 quero
748 1838 807 1900 pro
830 1820 971 1883 mercede
988 1821 1044 1883 nisi
1062 1825 1095 1882 ut
1111 1820 1203 1883 michi
1219 1820 1319 1883 filiurn

270 1912 388 1969 veshum
425 1909 548 1972 tradatis
586 1908 625 1970 ad
664 1908 871 1986 nutriendum,
910 1908 1156 1972 doctrinandum.
1204 1910 1239 1972 Et
1261 1927 1321 1990 ego

271 1995 363 2059 faciam
392 2016 462 2060 eum
494 1998 573 2060 scire
600 2002 749 2078 quantum
780 2016 840 2078 ego
867 1998 932 2061 scio
961 2004 989 2061 et
1020 2016 1128 2062 omnes
1156 1998 1231 2062 socii
1260 1999 1319 2062 mei

271 2085 357 2148 sciunt
370 2087 445 2149 inira
461 2088 518 2149 lli.
534 2102 661 2151 annos.u
695 2086 832 2150 Surrexit
846 2092 949 2150 sextus
965 2087 1115 2167 magister,
1140 2088 1187 2151 cui
1205 2104 1319 2151 nomen

272 2172 416 2255 Cleophas,
439 2181 469 2238 et
491 2176 545 2237 ait:
571 2175 729 2241 „Domine
744 2176 796 2254 mi,
819 2176 879 2239 iarn
904 2194 997 2239 senex
1021 2194 1089 2239 sunr
1112 2180 1142 2240 et
1165 2176 1195 2238 in
1220 2181 1320 2240 vestro

230 2276 251 2320 u
272 2264 385 2328 seruicio
408 2269 472 2328 toto
497 2269 635 2345 tempore
663 2265 722 2328 vite
746 2283 814 2328 mee
844 2265 982 2329 laboraui
1006 2271 1036 2327 et
1059 2264 1230 2329 mercedem
1256 2283 1319 2329 non

272 2353 385 2430 optinui.
416 2354 478 2416 Pro
495 2353 635 2417 mercede
651 2354 744 2417 nichil
760 2354 844 2417 aliud
868 2358 940 2435 peto
956 2355 1014 2417 nisi
1032 2358 1065 2416 ut
1081 2353 1172 2417 michi
1189 2371 1319 2434 puerum

271 2441 384 2505 tradatis.
416 2444 452 2506 Et
466 2460 527 2523 ego
543 2443 650 2506 faciam
667 2461 738 2506 eum
754 2439 831 2507 scire
847 2447 994 2524 quantum
1013 2461 1071 2523 ego
1087 2443 1151 2507 scio
1167 2446 1196 2506 et
1211 2462 1321 2507 omnes

271 2531 333 2593 socii
355 2534 411 2595 mei
435 2534 514 2595 inira
538 2535 581 2595 il.
604 2548 734 2596 annosa
772 2533 909 2596 Surrexit
924 2534 1073 2614 septimus
1096 2533 1246 2612 magister,
1270 2533 1319 2595 cui

272 2636 370 2683 nomen
397 2622 543 2701 Joachim,
576 2628 605 2685 et
632 2623 686 2685 ait:
721 2622 878 2688 „Domine
908 2623 959 2700 mi,
990 2622 1092 2686 audite
1124 2624 1186 2684 me!
1236 2623 1318 2685 Bene

231 2711 401 2774 nomnibus
423 2716 548 2788 constat,
572 2712 603 2773 in
627 2716 705 2791 quot
727 2712 870 2792 perteulis
893 2711 952 2790 (Bt.
972 2712 1075 2791 139r.)
1093 2711 1253 2774 vobiscum
1275 2711 1319 2773 tui

272 2800 478 2863 etmercedem
507 2800 694 2880 condignam
727 2818 887 2879 nunquam
916 2801 1045 2881 optinui.
1094 2800 1155 2863 Pro
1180 2801 1320 2863 mercede

272 2886 350 2949 nichil
378 2889 461 2951 aliud
497 2893 568 2969 peto
601 2889 659 2952 nisi
691 2895 724 2952 ut
754 2889 847 2952 michi
879 2907 1009 2970 puerum
1041 2889 1079 2951 ad
1112 2889 1319 2968 nutriendum,

270 2973 491 3041 doctrinandum
523 2979 654 3041 tradatis.
701 2979 737 3041 Et
759 2997 819 3058 ego
842 2979 950 3042 faciam
975 2996 1045 3040 eum
1070 2978 1147 3041 scire
1170 2983 1319 3057 quantum

271 3080 320 3142 ego
340 3068 401 3131 scio
429 3072 458 3129 et
485 3085 595 3131 omnes
625 3068 699 3130 socii
731 3068 791 3131 mei
822 3068 901 3130 inira
928 3085 1024 3129 vnum
1053 3081 1200 3130 annum.“
1251 3067 1320 3130 Hiis

231 3151 345 3216 odietis
364 3157 404 3218 ait
427 3157 607 3236 imperator:
634 3157 820 3233 „Karissimi
844 3157 976 3219 multum
993 3156 1083 3219 vobis
1106 3156 1260 3235 regracior
1282 3174 1320 3219 eo

271 3243 343 3318 quod
365 3245 494 3324 quilibet
517 3264 554 3307 ex
577 3246 669 3309 uobis
692 3246 776 3326 cupit
798 3245 898 3308 tilium
929 3263 1033 3307 meum
1058 3246 1096 3308 ad
1121 3244 1319 3307 nutriendum

272 3331 399 3412 accipere.
438 3333 470 3396 Si
487 3335 538 3395 vni
555 3334 755 3397 concederem
779 3339 809 3397 et
831 3351 895 3396 non
911 3333 1004 3412 alteri,
1028 3335 1116 3397 ceteri
1141 3352 1204 3397 non
1221 3337 1321 3396 essent

271 3423 395 3484 contenti.
431 3423 505 3486 ideo
521 3423 598 3486 inter
614 3441 672 3486 uos
687 3441 797 3486 onmes
812 3423 912 3485 filiurn
930 3441 1033 3485 meum
1057 3424 1096 3486 ad
1121 3423 1319 3486 nutriendum

272 3509 542 3574 etdoctrinandum
565 3512 683 3575 trado.u
721 3512 765 3574 illi
790 3513 850 3575 hoc
871 3512 1030 3576 audientes
1046 3513 1142 3594 capita
1164 3531 1220 3575 sua
1236 3512 1320 3574 incli-

233 3598 370 3662 orabant
396 3619 431 3664 ac
460 3601 577 3681 gracias
613 3601 640 3663 ei
672 3600 885 3680 reddiderunt,
920 3620 1050 3682 puerum
1082 3605 1263 3682 acceperunt
1292 3605 1321 3664 el

272 3702 362 3751 versus
395 3690 525 3753 Romam
561 3708 665 3752 secum
701 3689 863 3753 duxerunt.
922 3689 1004 3753 Cum
1040 3709 1113 3754 vero
1149 3709 1203 3771 per
1237 3691 1319 3752 uiam

272 3777 445 3857 equitassent,
468 3779 510 3841 ait
525 3779 669 3858 magister
685 3780 784 3846 Katho
799 3780 892 3843 sociis
907 3779 983 3842 suis:
1011 3779 1196 3848 „Karissimi
1217 3779 1320 3842 audite

272 3865 417 3929 consilium
449 3870 569 3930 meum!
616 3867 647 3931 Si
678 3887 808 3949 puerum
841 3869 872 3930 in
901 3869 1018 3931 civitate
1048 3887 1175 3931 romana
1206 3869 1322 3931 nutrire

273 3949 405 4020 debemus
427 3975 462 4020 ac
485 3958 606 4034 docere,
636 3961 736 4020 tantus
765 3958 901 4038 populus
926 3957 1040 4020 ibidenr
1065 3957 1201 4034 confiuit,
1234 3957 1319 4036 quod

236 4044 254 4091 ⁹⁰
273 4049 386 4115 puerum
409 4064 426 4108 a
442 4046 581 4109 doctrina
597 4046 772 4127 impedient
809 4048 898 4108 Extra
916 4046 1044 4113 Romam
1061 4047 1100 4108 ad
1125 4047 1202 4108 duas
1219 4046 1320 4109 leucas

274 4134 310 4189 est
332 4134 483 4210 quoddam
516 4135 694 4197 viridarium
718 4135 811 4198 sancti
843 4135 975 4196 Martini.
1030 4135 1072 4196 ibi
1108 4140 1321 4197 construemus

275 4231 404 4285 cameram
430 4224 589 4306 lapideam,
614 4225 645 4286 in
670 4242 731 4303 qua
754 4241 831 4303 puer
853 4223 951 4302 possit
974 4223 1081 4284 nutriri
1101 4240 1137 4284 ac
1158 4221 1320 4282 scienciam
