<?xml version="1.0" encoding="UTF-8"?>
<!DOCTYPE html PUBLIC "-//W3C//DTD XHTML 1.0 Transitional//EN"
    "http://www.w3.org/TR/xhtml1/DTD/xhtml1-transitional.dtd">
<html xmlns="http://www.w3.org/1999/xhtml" xml:lang="en" lang="en">
 <head>
  <title>
</title>
<meta http-equiv="Content-Type" content="text/html;charset=utf-8" />
  <meta name='ocr-system' content='tesseract 3.04.00' />
  <meta name='ocr-capabilities' content='ocr_page ocr_carea ocr_par ocr_line ocrx_word'/>
</head>
<body>
  <div class='ocr_page' id='page_1' title='image "./probenderlatein00ulrigoog_0047.png"; bbox 0 0 3525 5025; ppageno 0'>
   <div class='ocr_carea' id='block_1_1' title="bbox 835 524 1057 583">
    <p class='ocr_par' dir='ltr' id='par_1_1' title="bbox 835 524 1057 583">
     <span class='ocr_line' id='line_1_1' title="bbox 835 524 1057 583; baseline 0 -18"><span class='ocrx_word' id='word_1_1' title='bbox 835 524 1057 583; x_wconf 77' lang='lat'>..3⁶-</span> 
     </span>
    </p>
   </div>
   <div class='ocr_carea' id='block_1_2' title="bbox 358 695 1484 2112">
    <p class='ocr_par' dir='ltr' id='par_1_2' title="bbox 412 695 1480 867">
     <span class='ocr_line' id='line_1_2' title="bbox 412 695 1480 779; baseline -0.001 -17"><span class='ocrx_word' id='word_1_2' title='bbox 412 698 467 762; x_wconf 91' lang='lat' dir='ltr'>iste</span> <span class='ocrx_word' id='word_1_3' title='bbox 483 715 600 779; x_wconf 81' lang='lat' dir='ltr'>pauper</span> <span class='ocrx_word' id='word_1_4' title='bbox 615 698 712 761; x_wconf 90' lang='lat' dir='ltr'>homo</span> <span class='ocrx_word' id='word_1_5' title='bbox 728 697 803 760; x_wconf 87' lang='lat' dir='ltr'><strong>nihil</strong></span> <span class='ocrx_word' id='word_1_6' title='bbox 819 697 954 777; x_wconf 88' lang='lat' dir='ltr'>amplius</span> <span class='ocrx_word' id='word_1_7' title='bbox 970 696 1086 760; x_wconf 91' lang='lat' dir='ltr'>invenit</span> <span class='ocrx_word' id='word_1_8' title='bbox 1101 712 1195 776; x_wconf 88' lang='lat' dir='ltr'>quam</span> <span class='ocrx_word' id='word_1_9' title='bbox 1207 696 1351 761; x_wconf 78' lang='lat' dir='ltr'>reddidit</span> <span class='ocrx_word' id='word_1_10' title='bbox 1375 695 1480 775; x_wconf 89' lang='lat' dir='ltr'>Quod,</span> 
     </span>
     <span class='ocr_line' id='line_1_3' title="bbox 413 784 1480 867; baseline -0.002 -17"><span class='ocrx_word' id='word_1_11' title='bbox 413 787 512 851; x_wconf 89' lang='lat' dir='ltr'>malus</span> <span class='ocrx_word' id='word_1_12' title='bbox 528 787 624 850; x_wconf 88' lang='lat' dir='ltr'>homo</span> <span class='ocrx_word' id='word_1_13' title='bbox 639 785 665 850; x_wconf 92' lang='lat' dir='ltr'>si</span> <span class='ocrx_word' id='word_1_14' title='bbox 682 790 767 865; x_wconf 89' lang='lat' dir='ltr'>esset,</span> <span class='ocrx_word' id='word_1_15' title='bbox 784 803 945 867; x_wconf 90' lang='lat' dir='ltr'>nunquam</span> <span class='ocrx_word' id='word_1_16' title='bbox 963 785 1039 866; x_wconf 92' lang='lat' dir='ltr'>quid</span> <span class='ocrx_word' id='word_1_17' title='bbox 1055 784 1247 863; x_wconf 68' lang='lat' dir='ltr'>reddidisset,</span> <span class='ocrx_word' id='word_1_18' title='bbox 1263 786 1363 849; x_wconf 89' lang='lat' dir='ltr'>immo</span> <span class='ocrx_word' id='word_1_19' title='bbox 1383 789 1480 849; x_wconf 90' lang='lat' dir='ltr'>totum</span> 
     </span>
    </p>

    <p class='ocr_par' dir='ltr' id='par_1_3' title="bbox 358 873 1482 1311">
     <span class='ocr_line' id='line_1_4' title="bbox 358 873 1482 954; baseline -0.002 -14"><span class='ocrx_word' id='word_1_20' title='bbox 358 893 400 940; x_wconf 81' lang='lat' dir='ltr'>am</span> <span class='ocrx_word' id='word_1_21' title='bbox 415 876 530 941; x_wconf 85' lang='lat' dir='ltr'>celaret.</span> <span class='ocrx_word' id='word_1_22' title='bbox 552 911 578 920; x_wconf 95' lang='lat'><em>-</em></span> <span class='ocrx_word' id='word_1_23' title='bbox 603 881 630 939; x_wconf 86' lang='grc'>7.</span> <span class='ocrx_word' id='word_1_24' title='bbox 651 875 739 939; x_wconf 85' lang='lat' dir='ltr'>Tunc</span> <span class='ocrx_word' id='word_1_25' title='bbox 754 894 819 939; x_wconf 91' lang='lat' dir='ltr'>rex:</span> <span class='ocrx_word' id='word_1_26' title='bbox 841 874 929 949; x_wconf 91' lang='lat' dir='ltr'>Quid</span> <span class='ocrx_word' id='word_1_27' title='bbox 949 877 1051 938; x_wconf 90' lang='lat' dir='ltr'>autem</span> <span class='ocrx_word' id='word_1_28' title='bbox 1072 873 1191 954; x_wconf 80' lang='lat' dir='ltr'>iudicas</span> <span class='ocrx_word' id='word_1_29' title='bbox 1211 874 1306 938; x_wconf 88' lang='lat' dir='ltr'>inde?</span> <span class='ocrx_word' id='word_1_30' title='bbox 1325 910 1355 920; x_wconf 98' lang='lat'>-</span> <span class='ocrx_word' id='word_1_31' title='bbox 1377 874 1482 938; x_wconf 81' lang='lat' dir='ltr'>Philo</span> 
     </span>
     <span class='ocr_line' id='line_1_5' title="bbox 412 962 1480 1047; baseline -0.004 -17"><span class='ocrx_word' id='word_1_32' title='bbox 412 965 543 1047; x_wconf 85' lang='lat' dir='ltr'><strong>sophus:</strong></span> <span class='ocrx_word' id='word_1_33' title='bbox 568 963 640 1041; x_wconf 85' lang='lat' dir='ltr'>Rex,</span> <span class='ocrx_word' id='word_1_34' title='bbox 669 980 757 1027; x_wconf 89' lang='lat' dir='ltr'>sume</span> <span class='ocrx_word' id='word_1_35' title='bbox 784 980 921 1041; x_wconf 90' lang='lat' dir='ltr'>censum,</span> <span class='ocrx_word' id='word_1_36' title='bbox 945 968 974 1027; x_wconf 90' lang='lat' dir='ltr'>et</span> <span class='ocrx_word' id='word_1_37' title='bbox 1001 962 1041 1026; x_wconf 90' lang='lat' dir='ltr'>da</span> <span class='ocrx_word' id='word_1_38' title='bbox 1068 982 1106 1026; x_wconf 92' lang='lat' dir='ltr'>ex</span> <span class='ocrx_word' id='word_1_39' title='bbox 1134 981 1173 1027; x_wconf 94' lang='lat' dir='ltr'>eo</span> <span class='ocrx_word' id='word_1_40' title='bbox 1200 964 1328 1045; x_wconf 90' lang='lat' dir='ltr'>pauperi</span> <span class='ocrx_word' id='word_1_41' title='bbox 1359 967 1480 1027; x_wconf 86' lang='lat' dir='ltr'>centurn</span> 
     </span>
     <span class='ocr_line' id='line_1_6' title="bbox 413 1051 1480 1133; baseline -0.004 -15"><span class='ocrx_word' id='word_1_42' title='bbox 413 1054 530 1132; x_wconf 86' lang='lat' dir='ltr'>talenta,</span> <span class='ocrx_word' id='word_1_43' title='bbox 554 1058 584 1116; x_wconf 90' lang='lat' dir='ltr'>et</span> <span class='ocrx_word' id='word_1_44' title='bbox 605 1052 692 1133; x_wconf 93' lang='lat' dir='ltr'>quod</span> <span class='ocrx_word' id='word_1_45' title='bbox 708 1051 888 1117; x_wconf 77' lang='lat' dir='ltr'>remanserit</span> <span class='ocrx_word' id='word_1_46' title='bbox 909 1069 996 1116; x_wconf 90' lang='lat' dir='ltr'>serva</span> <span class='ocrx_word' id='word_1_47' title='bbox 1019 1052 1121 1116; x_wconf 91' lang='lat' dir='ltr'>donec</span> <span class='ocrx_word' id='word_1_48' title='bbox 1136 1052 1254 1116; x_wconf 88' lang='lat' dir='ltr'>venerit</span> <span class='ocrx_word' id='word_1_49' title='bbox 1276 1052 1330 1133; x_wconf 89' lang='lat' dir='ltr'>qui</span> <span class='ocrx_word' id='word_1_50' title='bbox 1354 1069 1480 1116; x_wconf 90' lang='lat' dir='ltr'>censum</span> 
     </span>
     <span class='ocr_line' id='line_1_7' title="bbox 413 1141 1482 1223; baseline -0.001 -17"><span class='ocrx_word' id='word_1_51' title='bbox 413 1147 550 1223; x_wconf 84' lang='lat' dir='ltr'>quaerat;</span> <span class='ocrx_word' id='word_1_52' title='bbox 571 1142 657 1223; x_wconf 93' lang='lat' dir='ltr'>quod</span> <span class='ocrx_word' id='word_1_53' title='bbox 674 1159 738 1205; x_wconf 92' lang='lat' dir='ltr'>non</span> <span class='ocrx_word' id='word_1_54' title='bbox 755 1142 805 1205; x_wconf 88' lang='lat' dir='ltr'>hic</span> <span class='ocrx_word' id='word_1_55' title='bbox 819 1146 872 1221; x_wconf 87' lang='lat' dir='ltr'>est,</span> <span class='ocrx_word' id='word_1_56' title='bbox 889 1142 978 1221; x_wconf 79' lang='lat' dir='ltr'>cuius</span> <span class='ocrx_word' id='word_1_57' title='bbox 992 1141 1048 1205; x_wconf 90' lang='lat' dir='ltr'>iste</span> <span class='ocrx_word' id='word_1_58' title='bbox 1063 1158 1175 1205; x_wconf 92' lang='lat' dir='ltr'>census</span> <span class='ocrx_word' id='word_1_59' title='bbox 1190 1141 1238 1205; x_wconf 91' lang='lat' dir='ltr'>sit.</span> <span class='ocrx_word' id='word_1_60' title='bbox 1278 1143 1315 1205; x_wconf 80' lang='lat' dir='ltr'>Et</span> <span class='ocrx_word' id='word_1_61' title='bbox 1330 1142 1381 1204; x_wconf 89' lang='lat' dir='ltr'>hic</span> <span class='ocrx_word' id='word_1_62' title='bbox 1396 1141 1482 1205; x_wconf 90' lang='lat' dir='ltr'>dives</span> 
     </span>
     <span class='ocr_line' id='line_1_8' title="bbox 415 1230 1480 1311; baseline -0.003 -15"><span class='ocrx_word' id='word_1_63' title='bbox 415 1233 511 1296; x_wconf 88' lang='lat' dir='ltr'>homo</span> <span class='ocrx_word' id='word_1_64' title='bbox 522 1230 612 1294; x_wconf 90' lang='lat' dir='ltr'>vadat</span> <span class='ocrx_word' id='word_1_65' title='bbox 626 1230 665 1294; x_wconf 93' lang='lat' dir='ltr'>ad</span> <span class='ocrx_word' id='word_1_66' title='bbox 679 1248 871 1311; x_wconf 84' lang='lat' dir='ltr'>praeconem,</span> <span class='ocrx_word' id='word_1_67' title='bbox 887 1234 916 1293; x_wconf 89' lang='lat' dir='ltr'>et</span> <span class='ocrx_word' id='word_1_68' title='bbox 931 1230 1019 1294; x_wconf 86' lang='lat' dir='ltr'>iaciat</span> <span class='ocrx_word' id='word_1_69' title='bbox 1034 1232 1222 1311; x_wconf 82' lang='lat' dir='ltr'>interrogare</span> <span class='ocrx_word' id='word_1_70' title='bbox 1238 1231 1394 1294; x_wconf 89' lang='lat' dir='ltr'>sacculum</span> <span class='ocrx_word' id='word_1_71' title='bbox 1411 1249 1480 1294; x_wconf 91' lang='lat' dir='ltr'>cum</span> 
     </span>
    </p>

    <p class='ocr_par' dir='ltr' id='par_1_4' title="bbox 359 1318 1483 1757">
     <span class='ocr_line' id='line_1_9' title="bbox 359 1318 1481 1401; baseline -0.003 -16"><span class='ocrx_word' id='word_1_72' title='bbox 359 1338 401 1385; x_wconf 81' lang='lat' dir='ltr'>aso</span> <span class='ocrx_word' id='word_1_73' title='bbox 415 1320 541 1385; x_wconf 89' lang='lat' dir='ltr'>duobus</span> <span class='ocrx_word' id='word_1_74' title='bbox 568 1319 769 1401; x_wconf 75' lang='lat' dir='ltr'>serpentibus.</span> <span class='ocrx_word' id='word_1_75' title='bbox 792 1318 936 1399; x_wconf 81' lang='lat' dir='ltr'>-Regi</span> <span class='ocrx_word' id='word_1_76' title='bbox 963 1323 1065 1383; x_wconf 88' lang='lat' dir='ltr'>autem</span> <span class='ocrx_word' id='word_1_77' title='bbox 1094 1320 1222 1401; x_wconf 88' lang='lat' dir='ltr'>placuit.</span> <span class='ocrx_word' id='word_1_78' title='bbox 1235 1320 1296 1383; x_wconf 91' lang='lat' dir='ltr'>hoc</span> <span class='ocrx_word' id='word_1_79' title='bbox 1321 1319 1481 1399; x_wconf 79' lang='lat' dir='ltr'>iudicium,</span> 
     </span>
     <span class='ocr_line' id='line_1_10' title="bbox 413 1408 1482 1490; baseline -0.001 -17"><span class='ocrx_word' id='word_1_80' title='bbox 413 1414 504 1490; x_wconf 88' lang='lat' dir='ltr'>atque</span> <span class='ocrx_word' id='word_1_81' title='bbox 527 1408 675 1473; x_wconf 88' lang='lat' dir='ltr'>omnibus</span> <span class='ocrx_word' id='word_1_82' title='bbox 697 1408 963 1472; x_wconf 85' lang='lat' dir='ltr'>circumstantibus</span> <span class='ocrx_word' id='word_1_83' title='bbox 986 1408 1038 1471; x_wconf 90' lang='lat' dir='ltr'>ibi.</span> <span class='ocrx_word' id='word_1_84' title='bbox 1086 1414 1114 1471; x_wconf 87' lang='lat'>8.</span> <span class='ocrx_word' id='word_1_85' title='bbox 1140 1408 1236 1472; x_wconf 91' lang='lat' dir='ltr'>Dives</span> <span class='ocrx_word' id='word_1_86' title='bbox 1250 1427 1326 1472; x_wconf 88' lang='lat' dir='ltr'>vero</span> <span class='ocrx_word' id='word_1_87' title='bbox 1350 1408 1404 1489; x_wconf 89' lang='lat' dir='ltr'>qui</span> <span class='ocrx_word' id='word_1_88' title='bbox 1420 1426 1482 1472; x_wconf 86' lang='lat' dir='ltr'>sac-</span> 
     </span>
     <span class='ocr_line' id='line_1_11' title="bbox 414 1496 1481 1580; baseline -0.002 -18"><span class='ocrx_word' id='word_1_89' title='bbox 414 1499 518 1563; x_wconf 89' lang='lat' dir='ltr'>culum</span> <span class='ocrx_word' id='word_1_90' title='bbox 534 1496 709 1580; x_wconf 84' lang='lat' dir='ltr'>perdiderat</span> <span class='ocrx_word' id='word_1_91' title='bbox 723 1498 783 1562; x_wconf 93' lang='lat' dir='ltr'>hoc</span> <span class='ocrx_word' id='word_1_92' title='bbox 797 1496 928 1560; x_wconf 91' lang='lat' dir='ltr'>audiens</span> <span class='ocrx_word' id='word_1_93' title='bbox 951 1498 1064 1577; x_wconf 88' lang='lat' dir='ltr'>inquit:</span> <span class='ocrx_word' id='word_1_94' title='bbox 1090 1498 1177 1561; x_wconf 88' lang='lat' dir='ltr'>Bone</span> <span class='ocrx_word' id='word_1_95' title='bbox 1196 1515 1258 1579; x_wconf 83' lang='lat' dir='ltr'>rex,</span> <span class='ocrx_word' id='word_1_96' title='bbox 1279 1496 1351 1561; x_wconf 82' lang='lat' dir='ltr'>dico&#39;</span> <span class='ocrx_word' id='word_1_97' title='bbox 1371 1497 1427 1561; x_wconf 93' lang='lat' dir='ltr'>tibi</span> <span class='ocrx_word' id='word_1_98' title='bbox 1451 1498 1481 1560; x_wconf 93' lang='lat' dir='ltr'>in</span> 
     </span>
     <span class='ocr_line' id='line_1_12' title="bbox 414 1586 1482 1668; baseline -0.001 -18"><span class='ocrx_word' id='word_1_99' title='bbox 414 1587 537 1651; x_wconf 88' lang='lat' dir='ltr'>veritate</span> <span class='ocrx_word' id='word_1_100' title='bbox 553 1587 636 1649; x_wconf 89' lang='lat' dir='ltr'>hunc</span> <span class='ocrx_word' id='word_1_101' title='bbox 651 1604 777 1650; x_wconf 89' lang='lat' dir='ltr'>censum</span> <span class='ocrx_word' id='word_1_102' title='bbox 794 1586 889 1650; x_wconf 86' lang='lat' dir='ltr'>luisse</span> <span class='ocrx_word' id='word_1_103' title='bbox 905 1604 1009 1649; x_wconf 92' lang='lat' dir='ltr'>meum</span> <span class='ocrx_word' id='word_1_104' title='bbox 1015 1608 1023 1664; x_wconf 86' lang='lat'>;</span> <span class='ocrx_word' id='word_1_105' title='bbox 1039 1586 1093 1650; x_wconf 90' lang='lat' dir='ltr'>sed</span> <span class='ocrx_word' id='word_1_106' title='bbox 1110 1586 1183 1666; x_wconf 92' lang='lat' dir='ltr'>quia</span> <span class='ocrx_word' id='word_1_107' title='bbox 1195 1587 1337 1649; x_wconf 90' lang='lat' dir='ltr'>volebam</span> <span class='ocrx_word' id='word_1_108' title='bbox 1355 1587 1482 1668; x_wconf 90' lang='lat' dir='ltr'>pauperi</span> 
     </span>
     <span class='ocr_line' id='line_1_13' title="bbox 415 1674 1483 1757; baseline -0.001 -18"><span class='ocrx_word' id='word_1_109' title='bbox 415 1676 501 1757; x_wconf 93' lang='lat' dir='ltr'>quod</span> <span class='ocrx_word' id='word_1_110' title='bbox 518 1692 628 1757; x_wconf 87' lang='lat' dir='ltr'>praeco</span> <span class='ocrx_word' id='word_1_111' title='bbox 645 1675 826 1755; x_wconf 86' lang='lat' dir='ltr'>promiserat</span> <span class='ocrx_word' id='word_1_112' title='bbox 839 1675 969 1753; x_wconf 84' lang='lat' dir='ltr'>auterre,</span> <span class='ocrx_word' id='word_1_113' title='bbox 992 1674 1055 1737; x_wconf 86' lang='lat' dir='ltr'>dixi</span> <span class='ocrx_word' id='word_1_114' title='bbox 1078 1676 1152 1738; x_wconf 89' lang='lat' dir='ltr'>mihi</span> <span class='ocrx_word' id='word_1_115' title='bbox 1176 1675 1279 1738; x_wconf 89' lang='lat' dir='ltr'>adhuc</span> <span class='ocrx_word' id='word_1_116' title='bbox 1294 1675 1397 1738; x_wconf 86' lang='lat' dir='ltr'>&#39;alium</span> <span class='ocrx_word' id='word_1_117' title='bbox 1422 1694 1483 1739; x_wconf 87' lang='lat' dir='ltr'>ser·</span> 
     </span>
    </p>

    <p class='ocr_par' dir='ltr' id='par_1_5' title="bbox 361 1763 1484 2112">
     <span class='ocr_line' id='line_1_14' title="bbox 361 1763 1483 1847; baseline -0.001 -18"><span class='ocrx_word' id='word_1_118' title='bbox 361 1782 402 1829; x_wconf 82' lang='lat' dir='ltr'>aso</span> <span class='ocrx_word' id='word_1_119' title='bbox 417 1770 539 1847; x_wconf 92' lang='lat' dir='ltr'>pentem</span> <span class='ocrx_word' id='word_1_120' title='bbox 556 1764 670 1828; x_wconf 89' lang='lat' dir='ltr'>deesse.</span> <span class='ocrx_word' id='word_1_121' title='bbox 705 1764 765 1829; x_wconf 87' lang='lat' dir='ltr'>Sed</span> <span class='ocrx_word' id='word_1_122' title='bbox 779 1764 883 1842; x_wconf 89' lang='lat' dir='ltr'>modo,</span> <span class='ocrx_word' id='word_1_123' title='bbox 901 1782 961 1841; x_wconf 90' lang='lat' dir='ltr'>rex,</span> <span class='ocrx_word' id='word_1_124' title='bbox 978 1764 1037 1827; x_wconf 90' lang='lat' dir='ltr'>mei</span> <span class='ocrx_word' id='word_1_125' title='bbox 1055 1764 1208 1841; x_wconf 89' lang='lat' dir='ltr'>miserere,</span> <span class='ocrx_word' id='word_1_126' title='bbox 1223 1769 1254 1827; x_wconf 87' lang='lat' dir='ltr'>et</span> <span class='ocrx_word' id='word_1_127' title='bbox 1268 1763 1356 1845; x_wconf 93' lang='lat' dir='ltr'>quod</span> <span class='ocrx_word' id='word_1_128' title='bbox 1373 1782 1483 1846; x_wconf 86' lang='lat' dir='ltr'>praeco</span> 
     </span>
     <span class='ocr_line' id='line_1_15' title="bbox 415 1852 1484 1935; baseline -0.001 -18"><span class='ocrx_word' id='word_1_129' title='bbox 415 1854 557 1935; x_wconf 89' lang='lat' dir='ltr'>promisit</span> <span class='ocrx_word' id='word_1_130' title='bbox 572 1852 699 1917; x_wconf 89' lang='lat' dir='ltr'>reddam</span> <span class='ocrx_word' id='word_1_131' title='bbox 716 1854 853 1934; x_wconf 88' lang='lat' dir='ltr'>pauperi.</span> <span class='ocrx_word' id='word_1_132' title='bbox 869 1889 895 1898; x_wconf 94' lang='lat'><em>-</em></span> <span class='ocrx_word' id='word_1_133' title='bbox 914 1852 978 1922; x_wconf 85' lang='lat' dir='ltr'>Rex</span> <span class='ocrx_word' id='word_1_134' title='bbox 994 1853 1067 1916; x_wconf 89' lang='lat' dir='ltr'>inde</span> <span class='ocrx_word' id='word_1_135' title='bbox 1087 1871 1214 1917; x_wconf 89' lang='lat' dir='ltr'>censum</span> <span class='ocrx_word' id='word_1_136' title='bbox 1236 1871 1327 1917; x_wconf 89' lang='lat' dir='ltr'>suum</span> <span class='ocrx_word' id='word_1_137' title='bbox 1350 1853 1484 1917; x_wconf 90' lang='lat' dir='ltr'>reddidit</span> 
     </span>
     <span class='ocr_line' id='line_1_16' title="bbox 415 1942 1484 2024; baseline 0.001 -19"><span class='ocrx_word' id='word_1_138' title='bbox 415 1943 509 2023; x_wconf 86' lang='lat' dir='ltr'>diviti,</span> <span class='ocrx_word' id='word_1_139' title='bbox 526 1943 612 2006; x_wconf 89' lang='lat' dir='ltr'>dives</span> <span class='ocrx_word' id='word_1_140' title='bbox 627 1946 727 2006; x_wconf 91' lang='lat' dir='ltr'>autem</span> <span class='ocrx_word' id='word_1_141' title='bbox 744 1942 880 2024; x_wconf 86' lang='lat' dir='ltr'>pauperi.</span> <span class='ocrx_word' id='word_1_142' title='bbox 905 1942 962 2005; x_wconf 85' lang='lat' dir='ltr'>lta</span> <span class='ocrx_word' id='word_1_143' title='bbox 977 1942 1185 2024; x_wconf 89' lang='lat' dir='ltr'>philosophus</span> <span class='ocrx_word' id='word_1_144' title='bbox 1200 1960 1291 2006; x_wconf 91' lang='lat' dir='ltr'>sensu</span> <span class='ocrx_word' id='word_1_145' title='bbox 1312 1946 1342 2005; x_wconf 89' lang='lat' dir='ltr'>et</span> <span class='ocrx_word' id='word_1_146' title='bbox 1357 1943 1484 2023; x_wconf 82' lang='lat' dir='ltr'>ingenio</span> 
     </span>
     <span class='ocr_line' id='line_1_17' title="bbox 417 2032 1255 2112; baseline 0.001 -18"><span class='ocrx_word' id='word_1_147' title='bbox 417 2032 555 2096; x_wconf 91' lang='lat' dir='ltr'>liberavit</span> <span class='ocrx_word' id='word_1_148' title='bbox 576 2048 753 2112; x_wconf 88' lang='lat' dir='ltr'>pauperem.</span> <span class='ocrx_word' id='word_1_149' title='bbox 1252 2034 1255 2037; x_wconf 81' lang='grc'><strong>’</strong></span> 
     </span>
    </p>
   </div>
   <div class='ocr_carea' id='block_1_3' title="bbox 838 2174 1060 2237">
    <p class='ocr_par' dir='ltr' id='par_1_6' title="bbox 838 2174 1060 2237">
     <span class='ocr_line' id='line_1_18' title="bbox 838 2174 1060 2237; baseline 0 0"><span class='ocrx_word' id='word_1_150' title='bbox 838 2174 918 2237; x_wconf 88' lang='grc' dir='ltr'><strong>ΧΙΧ.</strong></span> <span class='ocrx_word' id='word_1_151' title='bbox 967 2182 1020 2236; x_wconf 93' lang='grc'>1-</span> <span class='ocrx_word' id='word_1_152' title='bbox 1034 2179 1060 2237; x_wconf 86' lang='grc'>7.</span> 
     </span>
    </p>
   </div>
   <div class='ocr_carea' id='block_1_4' title="bbox 363 2297 1492 4340">
    <p class='ocr_par' dir='ltr' id='par_1_7' title="bbox 363 2297 1492 4340">
     <span class='ocr_line' id='line_1_19' title="bbox 510 2297 1485 2379; baseline 0.002 -18"><span class='ocrx_word' id='word_1_153' title='bbox 510 2307 536 2361; x_wconf 91' lang='grc'>1.</span> <span class='ocrx_word' id='word_1_154' title='bbox 560 2299 639 2361; x_wconf 90' lang='lat' dir='ltr'>Nam</span> <span class='ocrx_word' id='word_1_155' title='bbox 656 2302 685 2362; x_wconf 89' lang='lat' dir='ltr'>ei</span> <span class='ocrx_word' id='word_1_156' title='bbox 700 2317 759 2379; x_wconf 88' lang='lat' dir='ltr'>ego</span> <span class='ocrx_word' id='word_1_157' title='bbox 775 2303 805 2362; x_wconf 91' lang='lat' dir='ltr'>et</span> <span class='ocrx_word' id='word_1_158' title='bbox 819 2297 894 2362; x_wconf 92' lang='lat' dir='ltr'>socii</span> <span class='ocrx_word' id='word_1_159' title='bbox 911 2298 971 2360; x_wconf 88' lang='lat' dir='ltr'>mei</span> <span class='ocrx_word' id='word_1_160' title='bbox 987 2297 1063 2360; x_wconf 90' lang='lat' dir='ltr'>dum</span> <span class='ocrx_word' id='word_1_161' title='bbox 1080 2297 1214 2379; x_wconf 90' lang='lat' dir='ltr'>quadarn</span> <span class='ocrx_word' id='word_1_162' title='bbox 1236 2297 1286 2362; x_wconf 91' lang='lat' dir='ltr'>die</span> <span class='ocrx_word' id='word_1_163' title='bbox 1301 2300 1485 2379; x_wconf 87' lang='lat' dir='ltr'>perrexisse-</span> 
     </span>
     <span class='ocr_line' id='line_1_20' title="bbox 363 2387 1486 2469; baseline 0.003 -20"><span class='ocrx_word' id='word_1_164' title='bbox 363 2405 404 2451; x_wconf 81' lang='lat' dir='ltr'>rso</span> <span class='ocrx_word' id='word_1_165' title='bbox 419 2405 489 2451; x_wconf 95' lang='lat' dir='ltr'>mus</span> <span class='ocrx_word' id='word_1_166' title='bbox 513 2387 552 2449; x_wconf 90' lang='lat' dir='ltr'>ad</span> <span class='ocrx_word' id='word_1_167' title='bbox 578 2388 695 2465; x_wconf 92' lang='lat' dir='ltr'>urbem,</span> <span class='ocrx_word' id='word_1_168' title='bbox 719 2388 784 2453; x_wconf 90' lang='lat' dir='ltr'>sole</span> <span class='ocrx_word' id='word_1_169' title='bbox 805 2387 845 2450; x_wconf 90' lang='lat' dir='ltr'>ad</span> <span class='ocrx_word' id='word_1_170' title='bbox 871 2404 1013 2451; x_wconf 89' lang='lat' dir='ltr'>occasum</span> <span class='ocrx_word' id='word_1_171' title='bbox 1036 2388 1313 2469; x_wconf 82' lang='lat' dir='ltr'>appropinquante,</span> <span class='ocrx_word' id='word_1_172' title='bbox 1334 2392 1364 2452; x_wconf 88' lang='lat' dir='ltr'>et</span> <span class='ocrx_word' id='word_1_173' title='bbox 1383 2389 1486 2452; x_wconf 90' lang='lat' dir='ltr'>adhuc</span> 
     </span>
     <span class='ocr_line' id='line_1_21' title="bbox 417 2474 1484 2558; baseline 0.001 -18"><span class='ocrx_word' id='word_1_174' title='bbox 417 2477 510 2557; x_wconf 85' lang='lat' dir='ltr'>longe</span> <span class='ocrx_word' id='word_1_175' title='bbox 531 2494 668 2541; x_wconf 87' lang='lat' dir='ltr'>essemus</span> <span class='ocrx_word' id='word_1_176' title='bbox 690 2495 708 2540; x_wconf 89' lang='lat' dir='ltr'>a</span> <span class='ocrx_word' id='word_1_177' title='bbox 731 2476 855 2554; x_wconf 85' lang='lat' dir='ltr'>civitate,</span> <span class='ocrx_word' id='word_1_178' title='bbox 879 2474 1015 2541; x_wconf 90' lang='lat' dir='ltr'>vidimus</span> <span class='ocrx_word' id='word_1_179' title='bbox 1037 2476 1186 2556; x_wconf 85' lang='lat' dir='ltr'>semitam,</span> <span class='ocrx_word' id='word_1_180' title='bbox 1209 2495 1289 2558; x_wconf 90' lang='lat' dir='ltr'>quae</span> <span class='ocrx_word' id='word_1_181' title='bbox 1311 2477 1484 2541; x_wconf 90' lang='lat' dir='ltr'>secundum</span> 
     </span>
     <span class='ocr_line' id='line_1_22' title="bbox 417 2566 1487 2647; baseline 0.002 -18"><span class='ocrx_word' id='word_1_182' title='bbox 417 2567 517 2630; x_wconf 89' lang='lat' dir='ltr'>visum</span> <span class='ocrx_word' id='word_1_183' title='bbox 546 2566 632 2630; x_wconf 90' lang='lat' dir='ltr'>ituris</span> <span class='ocrx_word' id='word_1_184' title='bbox 658 2567 697 2629; x_wconf 91' lang='lat' dir='ltr'>ad</span> <span class='ocrx_word' id='word_1_185' title='bbox 724 2567 872 2630; x_wconf 90' lang='lat' dir='ltr'>civitatem</span> <span class='ocrx_word' id='word_1_186' title='bbox 902 2566 1096 2646; x_wconf 88' lang='lat' dir='ltr'>promittebat</span> <span class='ocrx_word' id='word_1_187' title='bbox 1123 2567 1354 2647; x_wconf 91' lang='lat' dir='ltr'>compendium.</span> <span class='ocrx_word' id='word_1_188' title='bbox 1397 2569 1487 2631; x_wconf 85' lang='lat' dir='ltr'>Tunc</span> 
     </span>
     <span class='ocr_line' id='line_1_23' title="bbox 418 2654 1486 2736; baseline 0.002 -18"><span class='ocrx_word' id='word_1_189' title='bbox 418 2656 593 2719; x_wconf 91' lang='lat' dir='ltr'>invenimus</span> <span class='ocrx_word' id='word_1_190' title='bbox 608 2673 723 2734; x_wconf 89' lang='lat' dir='ltr'>senem,</span> <span class='ocrx_word' id='word_1_191' title='bbox 738 2674 756 2718; x_wconf 90' lang='lat' dir='ltr'>a</span> <span class='ocrx_word' id='word_1_192' title='bbox 771 2673 835 2736; x_wconf 94' lang='lat' dir='ltr'>quo</span> <span class='ocrx_word' id='word_1_193' title='bbox 852 2655 1071 2735; x_wconf 89' lang='lat' dir='ltr'>requisivimus</span> <span class='ocrx_word' id='word_1_194' title='bbox 1087 2654 1127 2718; x_wconf 90' lang='lat' dir='ltr'>de</span> <span class='ocrx_word' id='word_1_195' title='bbox 1139 2654 1245 2719; x_wconf 92' lang='lat' dir='ltr'>itinere</span> <span class='ocrx_word' id='word_1_196' title='bbox 1257 2656 1339 2719; x_wconf 89' lang='lat' dir='ltr'>illius</span> <span class='ocrx_word' id='word_1_197' title='bbox 1351 2658 1486 2723; x_wconf 74' lang='lat' dir='ltr'>semitae.</span> 
     </span>
     <span class='ocr_line' id='line_1_24' title="bbox 417 2744 1487 2826; baseline 0.001 -18"><span class='ocrx_word' id='word_1_198' title='bbox 417 2744 457 2808; x_wconf 75' lang='lat' dir='ltr'>nt</span> <span class='ocrx_word' id='word_1_199' title='bbox 472 2762 565 2809; x_wconf 90' lang='lat' dir='ltr'>senex</span> <span class='ocrx_word' id='word_1_200' title='bbox 580 2745 632 2808; x_wconf 91' lang='lat' dir='ltr'>ait:</span> <span class='ocrx_word' id='word_1_201' title='bbox 658 2744 790 2825; x_wconf 85' lang='lat' dir='ltr'>Propius</span> <span class='ocrx_word' id='word_1_202' title='bbox 806 2745 913 2807; x_wconf 86' lang='lat' dir='ltr'>semita</span> <span class='ocrx_word' id='word_1_203' title='bbox 927 2744 1012 2808; x_wconf 88' lang='lat' dir='ltr'>ducii</span> <span class='ocrx_word' id='word_1_204' title='bbox 1026 2744 1066 2807; x_wconf 89' lang='lat' dir='ltr'>ad</span> <span class='ocrx_word' id='word_1_205' title='bbox 1086 2744 1237 2808; x_wconf 88' lang='lat' dir='ltr'>civitatem</span> <span class='ocrx_word' id='word_1_206' title='bbox 1257 2763 1351 2825; x_wconf 90' lang='lat' dir='ltr'>quam</span> <span class='ocrx_word' id='word_1_207' title='bbox 1374 2764 1487 2826; x_wconf 86' lang='lat' dir='ltr'>magna</span> 
     </span>
     <span class='ocr_line' id='line_1_25' title="bbox 364 2832 1487 2915; baseline 0.001 -18"><span class='ocrx_word' id='word_1_208' title='bbox 364 2851 405 2897; x_wconf 75' lang='lat' dir='ltr'>aas</span> <span class='ocrx_word' id='word_1_209' title='bbox 419 2834 476 2914; x_wconf 86' lang='lat' dir='ltr'>via,</span> <span class='ocrx_word' id='word_1_210' title='bbox 500 2837 528 2897; x_wconf 88' lang='lat' dir='ltr'>ei</span> <span class='ocrx_word' id='word_1_211' title='bbox 549 2839 649 2898; x_wconf 88' lang='lat' dir='ltr'>tamen</span> <span class='ocrx_word' id='word_1_212' title='bbox 673 2834 762 2898; x_wconf 92' lang='lat' dir='ltr'>citius</span> <span class='ocrx_word' id='word_1_213' title='bbox 785 2832 912 2897; x_wconf 88' lang='lat' dir='ltr'>venietis</span> <span class='ocrx_word' id='word_1_214' title='bbox 935 2851 991 2915; x_wconf 93' lang='lat' dir='ltr'>per</span> <span class='ocrx_word' id='word_1_215' title='bbox 1014 2850 1156 2913; x_wconf 87' lang='lat' dir='ltr'>magnam</span> <span class='ocrx_word' id='word_1_216' title='bbox 1177 2834 1259 2896; x_wconf 90' lang='lat' dir='ltr'>viam</span> <span class='ocrx_word' id='word_1_217' title='bbox 1280 2834 1319 2897; x_wconf 94' lang='lat' dir='ltr'>ad</span> <span class='ocrx_word' id='word_1_218' title='bbox 1335 2834 1487 2899; x_wconf 87' lang='lat' dir='ltr'>civitatem</span> 
     </span>
     <span class='ocr_line' id='line_1_26' title="bbox 419 2923 1488 3004; baseline 0.002 -18"><span class='ocrx_word' id='word_1_219' title='bbox 419 2941 512 3003; x_wconf 87' lang='lat' dir='ltr'>quarn</span> <span class='ocrx_word' id='word_1_220' title='bbox 529 2942 584 3004; x_wconf 90' lang='lat' dir='ltr'>per</span> <span class='ocrx_word' id='word_1_221' title='bbox 606 2923 754 2987; x_wconf 85' lang='lat' dir='ltr'>semitam.</span> <span class='ocrx_word' id='word_1_222' title='bbox 787 2957 812 2967; x_wconf 87' lang='lat'><em>—</em></span> <span class='ocrx_word' id='word_1_223' title='bbox 846 2930 875 2986; x_wconf 84' lang='lat'>2.</span> <span class='ocrx_word' id='word_1_224' title='bbox 907 2923 977 2986; x_wconf 85' lang='lat' dir='ltr'>Hoc</span> <span class='ocrx_word' id='word_1_225' title='bbox 1005 2923 1165 2986; x_wconf 88' lang='lat' dir='ltr'>audientes</span> <span class='ocrx_word' id='word_1_226' title='bbox 1195 2923 1281 2985; x_wconf 90' lang='lat' dir='ltr'>illum</span> <span class='ocrx_word' id='word_1_227' title='bbox 1305 2942 1365 3004; x_wconf 92' lang='lat' dir='ltr'>pro</span> <span class='ocrx_word' id='word_1_228' title='bbox 1393 2925 1488 2988; x_wconf 92' lang='lat' dir='ltr'>stulto</span> 
     </span>
     <span class='ocr_line' id='line_1_27' title="bbox 419 3011 1489 3092; baseline 0.001 -17"><span class='ocrx_word' id='word_1_229' title='bbox 419 3012 593 3089; x_wconf 80' lang='lat' dir='ltr'>habuimus,</span> <span class='ocrx_word' id='word_1_230' title='bbox 617 3016 645 3074; x_wconf 93' lang='lat' dir='ltr'>et</span> <span class='ocrx_word' id='word_1_231' title='bbox 668 3029 811 3092; x_wconf 88' lang='lat' dir='ltr'>magnam</span> <span class='ocrx_word' id='word_1_232' title='bbox 828 3011 909 3073; x_wconf 90' lang='lat' dir='ltr'>viam</span> <span class='ocrx_word' id='word_1_233' title='bbox 925 3016 1151 3092; x_wconf 90' lang='lat' dir='ltr'>praetereuntes</span> <span class='ocrx_word' id='word_1_234' title='bbox 1170 3012 1210 3074; x_wconf 91' lang='lat' dir='ltr'>ad</span> <span class='ocrx_word' id='word_1_235' title='bbox 1230 3013 1369 3075; x_wconf 79' lang='lat' dir='ltr'>semitam</span> <span class='ocrx_word' id='word_1_236' title='bbox 1394 3013 1489 3077; x_wconf 91' lang='lat' dir='ltr'>decli-</span> 
     </span>
     <span class='ocr_line' id='line_1_28' title="bbox 420 3100 1490 3182; baseline 0.002 -20"><span class='ocrx_word' id='word_1_237' title='bbox 420 3101 568 3178; x_wconf 89' lang='lat' dir='ltr'>navimus,</span> <span class='ocrx_word' id='word_1_238' title='bbox 585 3118 678 3181; x_wconf 96' lang='lat' dir='ltr'>quam</span> <span class='ocrx_word' id='word_1_239' title='bbox 695 3101 866 3164; x_wconf 88' lang='lat' dir='ltr'>insistentes</span> <span class='ocrx_word' id='word_1_240' title='bbox 881 3100 921 3163; x_wconf 93' lang='lat' dir='ltr'>ad</span> <span class='ocrx_word' id='word_1_241' title='bbox 937 3100 1073 3164; x_wconf 87' lang='lat' dir='ltr'>dextram</span> <span class='ocrx_word' id='word_1_242' title='bbox 1090 3105 1120 3164; x_wconf 92' lang='lat' dir='ltr'>et</span> <span class='ocrx_word' id='word_1_243' title='bbox 1133 3100 1286 3164; x_wconf 88' lang='lat' dir='ltr'>sinistram</span> <span class='ocrx_word' id='word_1_244' title='bbox 1300 3106 1415 3182; x_wconf 78' lang='lat' dir='ltr'>quanta</span> <span class='ocrx_word' id='word_1_245' title='bbox 1429 3103 1490 3165; x_wconf 87' lang='lat' dir='ltr'>tuit</span> 
     </span>
     <span class='ocr_line' id='line_1_29' title="bbox 420 3188 1491 3272; baseline 0 -20"><span class='ocrx_word' id='word_1_246' title='bbox 420 3206 483 3252; x_wconf 94' lang='lat' dir='ltr'>nox</span> <span class='ocrx_word' id='word_1_247' title='bbox 510 3188 726 3268; x_wconf 85' lang='lat' dir='ltr'>deerravimus,</span> <span class='ocrx_word' id='word_1_248' title='bbox 753 3207 809 3252; x_wconf 88' lang='lat' dir='ltr'>nec</span> <span class='ocrx_word' id='word_1_249' title='bbox 830 3189 869 3252; x_wconf 92' lang='lat' dir='ltr'>ad</span> <span class='ocrx_word' id='word_1_250' title='bbox 894 3189 1043 3253; x_wconf 86' lang='lat' dir='ltr'>civitatem</span> <span class='ocrx_word' id='word_1_251' title='bbox 1068 3189 1274 3270; x_wconf 88' lang='lat' dir='ltr'>pervenimus.</span> <span class='ocrx_word' id='word_1_252' title='bbox 1319 3192 1360 3253; x_wconf 81' lang='lat' dir='ltr'>At</span> <span class='ocrx_word' id='word_1_253' title='bbox 1381 3191 1407 3253; x_wconf 89' lang='lat' dir='ltr'>si</span> <span class='ocrx_word' id='word_1_254' title='bbox 1433 3209 1491 3272; x_wconf 91' lang='lat' dir='ltr'>per</span> 
     </span>
     <span class='ocr_line' id='line_1_30' title="bbox 365 3277 1489 3360; baseline 0 -18"><span class='ocrx_word' id='word_1_255' title='bbox 365 3295 406 3341; x_wconf 74' lang='lat' dir='ltr'>boo</span> <span class='ocrx_word' id='word_1_256' title='bbox 421 3278 527 3342; x_wconf 88' lang='lat' dir='ltr'>callem</span> <span class='ocrx_word' id='word_1_257' title='bbox 555 3277 795 3358; x_wconf 89' lang='lat' dir='ltr'>perrexissemus</span> <span class='ocrx_word' id='word_1_258' title='bbox 822 3279 930 3360; x_wconf 91' lang='lat' dir='ltr'>procul</span> <span class='ocrx_word' id='word_1_259' title='bbox 960 3278 1058 3342; x_wconf 90' lang='lat' dir='ltr'>dubio</span> <span class='ocrx_word' id='word_1_260' title='bbox 1086 3278 1188 3342; x_wconf 90' lang='lat' dir='ltr'>media</span> <span class='ocrx_word' id='word_1_261' title='bbox 1218 3283 1306 3342; x_wconf 90' lang='lat' dir='ltr'>nocte</span> <span class='ocrx_word' id='word_1_262' title='bbox 1336 3280 1489 3343; x_wconf 82' lang='lat' dir='ltr'>civitatem</span> 
     </span>
     <span class='ocr_line' id='line_1_31' title="bbox 420 3366 685 3430; baseline 0.004 -1"><span class='ocrx_word' id='word_1_263' title='bbox 420 3366 685 3430; x_wconf 86' lang='lat' dir='ltr'>subintrassemus.</span> 
     </span>
     <span class='ocr_line' id='line_1_32' title="bbox 511 3455 1359 3521; baseline 0.001 -3"><span class='ocrx_word' id='word_1_264' title='bbox 511 3462 538 3519; x_wconf 87' lang='lat'>3.</span> <span class='ocrx_word' id='word_1_265' title='bbox 563 3455 651 3518; x_wconf 88' lang='lat' dir='ltr'>Pater</span> <span class='ocrx_word' id='word_1_266' title='bbox 673 3456 712 3519; x_wconf 94' lang='lat' dir='ltr'>ad</span> <span class='ocrx_word' id='word_1_267' title='bbox 736 3456 822 3519; x_wconf 90' lang='lat' dir='ltr'>haec:</span> <span class='ocrx_word' id='word_1_268' title='bbox 859 3457 944 3521; x_wconf 87' lang='lat' dir='ltr'>llaec</span> <span class='ocrx_word' id='word_1_269' title='bbox 967 3457 1058 3520; x_wconf 93' lang='lat' dir='ltr'>nobis</span> <span class='ocrx_word' id='word_1_270' title='bbox 1081 3457 1139 3521; x_wconf 90' lang='lat' dir='ltr'>alia</span> <span class='ocrx_word' id='word_1_271' title='bbox 1162 3457 1228 3520; x_wconf 88' lang='lat' dir='ltr'>vice</span> <span class='ocrx_word' id='word_1_272' title='bbox 1251 3458 1359 3520; x_wconf 83' lang='lat' dir='ltr'>evenit</span> 
     </span>
     <span class='ocr_line' id='line_1_33' title="bbox 511 3545 1490 3628; baseline 0.002 -20"><span class='ocrx_word' id='word_1_273' title='bbox 511 3553 539 3608; x_wconf 92' lang='lat'>4.</span> <span class='ocrx_word' id='word_1_274' title='bbox 563 3545 670 3619; x_wconf 88' lang='lat' dir='ltr'>Quum</span> <span class='ocrx_word' id='word_1_275' title='bbox 692 3562 892 3628; x_wconf 86' lang='lat' dir='ltr'>pergeremus</span> <span class='ocrx_word' id='word_1_276' title='bbox 911 3564 967 3628; x_wconf 90' lang='lat' dir='ltr'>per</span> <span class='ocrx_word' id='word_1_277' title='bbox 984 3546 1074 3609; x_wconf 89' lang='lat' dir='ltr'>aliam</span> <span class='ocrx_word' id='word_1_278' title='bbox 1097 3546 1176 3610; x_wconf 91' lang='lat' dir='ltr'>viam</span> <span class='ocrx_word' id='word_1_279' title='bbox 1199 3564 1341 3626; x_wconf 86' lang='lat' dir='ltr'>magnam</span> <span class='ocrx_word' id='word_1_280' title='bbox 1357 3546 1397 3609; x_wconf 90' lang='lat' dir='ltr'>ad</span> <span class='ocrx_word' id='word_1_281' title='bbox 1414 3547 1490 3610; x_wconf 92' lang='lat' dir='ltr'>civi·</span> 
     </span>
     <span class='ocr_line' id='line_1_34' title="bbox 420 3634 1491 3716; baseline 0.001 -19"><span class='ocrx_word' id='word_1_282' title='bbox 420 3637 509 3697; x_wconf 90' lang='lat' dir='ltr'>tatem</span> <span class='ocrx_word' id='word_1_283' title='bbox 527 3639 661 3716; x_wconf 89' lang='lat' dir='ltr'>praeerat</span> <span class='ocrx_word' id='word_1_284' title='bbox 677 3634 769 3699; x_wconf 88' lang='lat' dir='ltr'>nobis</span> <span class='ocrx_word' id='word_1_285' title='bbox 783 3634 907 3712; x_wconf 80' lang='lat' dir='ltr'>fluvius,</span> <span class='ocrx_word' id='word_1_286' title='bbox 931 3653 1023 3716; x_wconf 90' lang='lat' dir='ltr'>quem</span> <span class='ocrx_word' id='word_1_287' title='bbox 1040 3653 1241 3715; x_wconf 93' lang='lat' dir='ltr'>quocumque</span> <span class='ocrx_word' id='word_1_288' title='bbox 1261 3634 1359 3698; x_wconf 90' lang='lat' dir='ltr'>modo</span> <span class='ocrx_word' id='word_1_289' title='bbox 1379 3637 1491 3700; x_wconf 91' lang='lat' dir='ltr'>transi·</span> 
     </span>
     <span class='ocr_line' id='line_1_35' title="bbox 366 3723 1492 3804; baseline 0.001 -17"><span class='ocrx_word' id='word_1_290' title='bbox 366 3742 407 3787; x_wconf 84' lang='lat' dir='ltr'>nro</span> <span class='ocrx_word' id='word_1_291' title='bbox 421 3723 480 3786; x_wconf 91' lang='lat' dir='ltr'>turi</span> <span class='ocrx_word' id='word_1_292' title='bbox 505 3741 634 3802; x_wconf 90' lang='lat' dir='ltr'>eramus,</span> <span class='ocrx_word' id='word_1_293' title='bbox 657 3729 820 3804; x_wconf 89' lang='lat' dir='ltr'>antequam</span> <span class='ocrx_word' id='word_1_294' title='bbox 844 3724 993 3787; x_wconf 89' lang='lat' dir='ltr'>civitatem</span> <span class='ocrx_word' id='word_1_295' title='bbox 1018 3724 1208 3787; x_wconf 90' lang='lat' dir='ltr'>intraremus.</span> <span class='ocrx_word' id='word_1_296' title='bbox 1254 3723 1371 3804; x_wconf 74' lang='lat' dir='ltr'>Sicque‘</span> <span class='ocrx_word' id='word_1_297' title='bbox 1395 3726 1492 3790; x_wconf 91' lang='lat' dir='ltr'>nobis</span> 
     </span>
     <span class='ocr_line' id='line_1_36' title="bbox 422 3812 1491 3895; baseline 0.003 -21"><span class='ocrx_word' id='word_1_298' title='bbox 422 3812 477 3876; x_wconf 90' lang='lat' dir='ltr'>iter</span> <span class='ocrx_word' id='word_1_299' title='bbox 499 3813 661 3894; x_wconf 89' lang='lat' dir='ltr'>agentibus</span> <span class='ocrx_word' id='word_1_300' title='bbox 684 3814 715 3875; x_wconf 94' lang='lat' dir='ltr'>in</span> <span class='ocrx_word' id='word_1_301' title='bbox 739 3812 816 3876; x_wconf 91' lang='lat' dir='ltr'>duas</span> <span class='ocrx_word' id='word_1_302' title='bbox 836 3817 936 3893; x_wconf 91' lang='lat' dir='ltr'>partes</span> <span class='ocrx_word' id='word_1_303' title='bbox 959 3818 1003 3876; x_wconf 91' lang='lat' dir='ltr'>est</span> <span class='ocrx_word' id='word_1_304' title='bbox 1024 3817 1104 3876; x_wconf 88' lang='lat' dir='ltr'>secta</span> <span class='ocrx_word' id='word_1_305' title='bbox 1126 3813 1183 3893; x_wconf 86' lang='lat' dir='ltr'>via,</span> <span class='ocrx_word' id='word_1_306' title='bbox 1207 3830 1338 3895; x_wconf 82' lang='lat' dir='ltr'>quarum</span> <span class='ocrx_word' id='word_1_307' title='bbox 1363 3831 1428 3877; x_wconf 90' lang='lat' dir='ltr'>una</span> <span class='ocrx_word' id='word_1_308' title='bbox 1450 3813 1491 3877; x_wconf 91' lang='lat' dir='ltr'>ad</span> 
     </span>
     <span class='ocr_line' id='line_1_37' title="bbox 421 3901 1492 3982; baseline 0.002 -18"><span class='ocrx_word' id='word_1_309' title='bbox 421 3901 569 3966; x_wconf 85' lang='lat' dir='ltr'>civitatem</span> <span class='ocrx_word' id='word_1_310' title='bbox 594 3920 649 3982; x_wconf 90' lang='lat' dir='ltr'>per</span> <span class='ocrx_word' id='word_1_311' title='bbox 670 3901 794 3980; x_wconf 90' lang='lat' dir='ltr'>vadum,</span> <span class='ocrx_word' id='word_1_312' title='bbox 822 3902 915 3964; x_wconf 87' lang='lat' dir='ltr'>altera</span> <span class='ocrx_word' id='word_1_313' title='bbox 942 3919 997 3982; x_wconf 91' lang='lat' dir='ltr'>per</span> <span class='ocrx_word' id='word_1_314' title='bbox 1024 3907 1149 3982; x_wconf 91' lang='lat' dir='ltr'>pontem</span> <span class='ocrx_word' id='word_1_315' title='bbox 1178 3902 1317 3966; x_wconf 89' lang='lat' dir='ltr'>ducebat.</span> <span class='ocrx_word' id='word_1_316' title='bbox 1364 3902 1492 3966; x_wconf 88' lang='lat' dir='ltr'>Deinde</span> 
     </span>
     <span class='ocr_line' id='line_1_38' title="bbox 422 3989 1492 4073; baseline 0.002 -20"><span class='ocrx_word' id='word_1_317' title='bbox 422 4008 526 4054; x_wconf 89' lang='lat' dir='ltr'>senem</span> <span class='ocrx_word' id='word_1_318' title='bbox 550 3990 706 4072; x_wconf 90' lang='lat' dir='ltr'>quendam</span> <span class='ocrx_word' id='word_1_319' title='bbox 726 3989 870 4069; x_wconf 89' lang='lat' dir='ltr'>vidimus,</span> <span class='ocrx_word' id='word_1_320' title='bbox 895 4008 987 4070; x_wconf 91' lang='lat' dir='ltr'>quem</span> <span class='ocrx_word' id='word_1_321' title='bbox 1011 3990 1051 4054; x_wconf 96' lang='lat' dir='ltr'>de</span> <span class='ocrx_word' id='word_1_322' title='bbox 1074 3990 1197 4055; x_wconf 91' lang='lat' dir='ltr'>duabus</span> <span class='ocrx_word' id='word_1_323' title='bbox 1217 3991 1275 4054; x_wconf 91' lang='lat' dir='ltr'>viis</span> <span class='ocrx_word' id='word_1_324' title='bbox 1298 4009 1378 4072; x_wconf 89' lang='lat' dir='ltr'>quae</span> <span class='ocrx_word' id='word_1_325' title='bbox 1402 3994 1492 4073; x_wconf 90' lang='lat' dir='ltr'>prius</span> 
     </span>
     <span class='ocr_line' id='line_1_39' title="bbox 422 4079 1492 4160; baseline 0 -18"><span class='ocrx_word' id='word_1_326' title='bbox 422 4079 545 4143; x_wconf 90' lang='lat' dir='ltr'>duceret</span> <span class='ocrx_word' id='word_1_327' title='bbox 559 4080 599 4142; x_wconf 90' lang='lat' dir='ltr'>ad</span> <span class='ocrx_word' id='word_1_328' title='bbox 615 4080 764 4144; x_wconf 88' lang='lat' dir='ltr'>civitatem</span> <span class='ocrx_word' id='word_1_329' title='bbox 781 4079 1045 4160; x_wconf 83' lang='lat' dir='ltr'>interrogavimus.</span> <span class='ocrx_word' id='word_1_330' title='bbox 1071 4082 1098 4143; x_wconf 89' lang='grc'>5·.</span> <span class='ocrx_word' id='word_1_331' title='bbox 1112 4079 1211 4144; x_wconf 89' lang='lat' dir='ltr'>Senex</span> <span class='ocrx_word' id='word_1_332' title='bbox 1226 4085 1342 4143; x_wconf 90' lang='lat' dir='ltr'>autem:</span> <span class='ocrx_word' id='word_1_333' title='bbox 1360 4081 1492 4146; x_wconf 88' lang='lat' dir='ltr'>Brevior</span> 
     </span>
     <span class='ocr_line' id='line_1_40' title="bbox 368 4167 1492 4250; baseline 0.001 -19"><span class='ocrx_word' id='word_1_334' title='bbox 368 4185 409 4231; x_wconf 81' lang='lat' dir='ltr'>ms</span> <span class='ocrx_word' id='word_1_335' title='bbox 422 4172 468 4231; x_wconf 89' lang='lat' dir='ltr'>est</span> <span class='ocrx_word' id='word_1_336' title='bbox 482 4169 531 4231; x_wconf 90' lang='lat' dir='ltr'>via</span> <span class='ocrx_word' id='word_1_337' title='bbox 545 4169 584 4232; x_wconf 90' lang='lat' dir='ltr'>ad</span> <span class='ocrx_word' id='word_1_338' title='bbox 605 4169 754 4233; x_wconf 85' lang='lat' dir='ltr'>civitatem</span> <span class='ocrx_word' id='word_1_339' title='bbox 775 4187 830 4250; x_wconf 91' lang='lat' dir='ltr'>per</span> <span class='ocrx_word' id='word_1_340' title='bbox 846 4168 958 4232; x_wconf 89' lang='lat' dir='ltr'>vadum</span> <span class='ocrx_word' id='word_1_341' title='bbox 980 4167 1106 4232; x_wconf 89' lang='lat' dir='ltr'>duobus</span> <span class='ocrx_word' id='word_1_342' title='bbox 1127 4169 1309 4233; x_wconf 90' lang='lat' dir='ltr'>milliaribus</span> <span class='ocrx_word' id='word_1_343' title='bbox 1329 4188 1424 4250; x_wconf 90' lang='lat' dir='ltr'>quam</span> <span class='ocrx_word' id='word_1_344' title='bbox 1442 4170 1492 4234; x_wconf 91' lang='lat' dir='ltr'>via</span> 
     </span>
     <span class='ocr_line' id='line_1_41' title="bbox 423 4256 1491 4340; baseline 0.003 -22"><span class='ocrx_word' id='word_1_345' title='bbox 423 4274 478 4336; x_wconf 90' lang='lat' dir='ltr'>per</span> <span class='ocrx_word' id='word_1_346' title='bbox 504 4261 640 4337; x_wconf 90' lang='lat' dir='ltr'>pontem,</span> <span class='ocrx_word' id='word_1_347' title='bbox 668 4257 722 4319; x_wconf 90' lang='lat' dir='ltr'>sed</span> <span class='ocrx_word' id='word_1_348' title='bbox 750 4261 859 4332; x_wconf 88' lang='lat' dir='ltr'>tamen,</span> <span class='ocrx_word' id='word_1_349' title='bbox 892 4256 999 4335; x_wconf 85' lang='lat' dir='ltr'>inquit,</span> <span class='ocrx_word' id='word_1_350' title='bbox 1023 4256 1111 4319; x_wconf 90' lang='lat' dir='ltr'>citius</span> <span class='ocrx_word' id='word_1_351' title='bbox 1134 4258 1260 4338; x_wconf 87' lang='lat' dir='ltr'>potestis</span> <span class='ocrx_word' id='word_1_352' title='bbox 1283 4276 1338 4340; x_wconf 92' lang='lat' dir='ltr'>per</span> <span class='ocrx_word' id='word_1_353' title='bbox 1361 4263 1491 4339; x_wconf 90' lang='lat' dir='ltr'>pontem</span> 
     </span>
    </p>
   </div>
   <div class='ocr_carea' id='block_1_5' title="bbox 0 0 1784 5025">
    <p class='ocr_par' dir='ltr' id='par_1_8' title="bbox 0 0 1784 5025">
     <span class='ocr_line' id='line_1_42' title="bbox 0 0 1784 5025; baseline 0 0"><span class='ocrx_word' id='word_1_354' title='bbox 0 0 1784 5025; x_wconf 95' lang='lat' dir='ltr'> </span> 
     </span>
    </p>
   </div>
  </div>
 </body>
</html>
