3525 5025
660 552 881 610 ..97-

258 729 358 789 constat
385 724 471 805 quod
499 743 608 805 parum
639 725 718 788 valet
747 725 845 787 homo
874 724 941 787 sine
971 725 1122 788 testiculis.
1168 725 1200 789 Si
1228 742 1303 805 ergo

201 832 317 877 nroeum
343 814 486 878 testiculis
517 814 680 894 priuarem,
715 819 793 876 esset
824 813 918 876 michi
952 814 1115 877 dedecus.u
1171 814 1210 877 ht
1239 815 1303 877 illa:

260 904 307 967 „fit
331 921 387 983 ego
415 903 524 966 faciam
554 921 613 983 pro
643 907 697 966 tuo
724 903 866 965 amoreis
915 902 1019 966 Statim
1052 904 1206 967 testiculos
1237 904 1304 967 eius

257 991 380 1070 abscidit;
403 993 464 1055 hoc
486 992 566 1055 tacto
581 992 710 1054 canibus
724 991 765 1054 ad
780 991 1042 1055 commedendum
1067 992 1193 1072 pmiecit
1207 997 1237 1055 et
1250 994 1303 1056 ait:

258 1081 328 1145 llam
350 1082 495 1145 rusticum
518 1081 712 1161 deturpatum
736 1081 767 1142 in
791 1081 931 1161 patibulo
945 1081 1136 1161 suspendel¹¹
1170 1082 1234 1156 Qui
1250 1083 1304 1146 ait:

258 1170 385 1233 „Bonum
407 1174 479 1234 est.a
528 1170 721 1250 acceperunt
742 1188 856 1250 corpus
887 1170 1021 1233 defuncti
1049 1174 1078 1233 et
1105 1171 1136 1233 in
1165 1171 1304 1253 patibulo

202 1259 473 1339 narsuspenderunt,
505 1265 534 1322 et
561 1260 605 1322 sic
632 1260 765 1323 saluatus
787 1264 832 1321 est
861 1259 957 1322 miles.
1004 1260 1091 1323 Tunc
1113 1261 1154 1322 ait
1176 1260 1304 1323 domina

214 1424 219 1430 Ι
256 1348 345 1411 militi:
369 1348 420 1414 „O
443 1348 610 1425 karissime,
635 1348 694 1410 iam
719 1348 863 1411 liberatus
878 1365 911 1411 es
926 1348 966 1411 ab
982 1349 1068 1412 omni
1091 1349 1301 1413 tribulacione.

256 1436 284 1498 ln
298 1437 365 1501 tacie
379 1438 504 1501 ecclesie
520 1438 639 1501 bonum
656 1442 701 1501 est
716 1456 767 1500 me
781 1438 998 1518 desponsaret
1025 1438 1115 1501 Miles
1131 1438 1304 1519 respondit:

258 1526 375 1590 „Votum
390 1527 451 1591 deo
465 1527 523 1590 teci
536 1526 623 1606 quod
639 1531 668 1589 te
683 1527 805 1589 uiuente
819 1526 910 1589 aliam
927 1545 1052 1589 vxorem
1070 1544 1133 1591 non
1150 1528 1303 1590 ducerem.

256 1613 282 1677 Ο
296 1617 396 1679 misera
411 1621 440 1679 et
454 1634 548 1697 super
564 1632 673 1679 omncs
689 1616 832 1679 mulieres
847 1616 1030 1679 miserrima!
1061 1616 1142 1691 Quis
1156 1634 1302 1696 umquam

204 1706 280 1765 naute
306 1705 334 1767 in
363 1724 487 1769 uxorem
518 1705 663 1767 duceret?
714 1704 812 1781 Miles,
843 1706 970 1769 maritus
999 1710 1079 1783 tuus,
1110 1724 1168 1786 pro
1198 1724 1304 1769 amore

255 1796 308 1870 tuo,
329 1795 450 1873 quando
473 1793 604 1857 darvum
628 1794 811 1873 sanguinem
831 1794 918 1874 digiti
944 1795 1003 1873 (ut.
1023 1800 1078 1857 ttt
1092 1796 1128 1873 ν.)
1152 1796 1195 1857 tui
1219 1795 1303 1873 vidit,

208 1915 212 1924 ι
255 1900 302 1960 pre
321 1883 425 1947 dolore
448 1883 649 1960 moriebatur;
678 1887 710 1946 tu
739 1901 814 1946 vero
844 1888 915 1963 post
943 1885 999 1947 hec
1029 1902 1099 1947 eum
1129 1885 1302 1965 deturpasti,

255 1973 367 2048 quando
388 1972 496 2036 dentes
518 1972 586 2035 eius
609 1972 721 2049 eruisti,
744 1990 834 2035 aures
856 1978 886 2035 et
908 1974 1062 2036 testiculos
1084 1972 1247 2051 abscidisti,
1272 1974 1302 2035 in

255 2061 339 2139 capite
358 2061 531 2125 vulnerasti.
579 2061 660 2135 Quis
683 2060 836 2141 dyabolus
859 2066 930 2142 post
952 2062 1009 2126 bec
1030 2067 1060 2125 te
1082 2061 1303 2143 desponsaret?

206 2146 306 2211 nuSed
326 2150 470 2215 ammodo
501 2150 571 2213 talia
600 2168 664 2214 non
695 2150 894 2213 committes.u
943 2150 1092 2215 Gladium
1124 2152 1249 2215 extraxit
1276 2154 1304 2213 et

254 2256 308 2301 vno
328 2240 384 2303 ictu
407 2244 498 2321 caput
524 2240 590 2303 eius
613 2239 787 2320 amputavit.

620 2467 673 2536 12.
710 2467 925 2556 llolopalhos.

674 2592 716 2646 ted-
730 2591 864 2648 (Μὴν.)

633 2749 659 2802 t.
707 2739 815 2819 [κε.
842 2739 907 2818 aa]

331 2867 396 2929 Fuit
418 2866 547 2945 antiquo
574 2869 713 2946 tempore
740 2883 793 2927 rex
821 2863 948 2944 quidam
977 2881 1108 2944 magnus
1131 2867 1160 2927 et
1187 2868 1304 2943 potens,

253 2954 298 3031 qui
319 2954 526 3035 congregandi
550 2954 709 3017 thesauros
727 2954 892 3017 maximam
916 2971 1019 3016 curam
1044 2953 1169 3029 habens,
1194 2971 1305 3033 magne

252 3042 467 3123 altitudinisque
494 3043 601 3106 turrim
624 3060 710 3121 auro,
740 3048 868 3122 argento
897 3042 1105 3122 pretiosisque
1128 3042 1305 3122 quibusque

253 3132 333 3196 rebus
359 3151 458 3212 usque
488 3132 527 3195 ad
558 3149 716 3195 summum
745 3132 920 3212 repleverat.
968 3131 1108 3195 Habebat
1130 3136 1230 3194 autem
1256 3132 1305 3194 hic

226 3220 374 3301 umilitem,
405 3240 499 3301 quem
531 3221 562 3284 in
594 3221 697 3284 multis
727 3220 851 3283 fidelem
882 3225 1025 3301 expertus
1055 3221 1164 3297 tuerat,
1195 3220 1243 3283 cui
1277 3224 1306 3283 et

252 3309 338 3374 claves
352 3312 400 3375 sui
416 3310 570 3374 commisit
585 3310 727 3373 thesauri.
761 3310 800 3372 ht
815 3310 903 3372 miles
926 3311 1102 3372 thesaumm
1119 3309 1304 3373 servandum

252 3400 415 3480 suscipiens,
446 3418 518 3462 cum
546 3399 605 3462 iam
635 3399 739 3463 multis
765 3399 854 3461 annis
880 3399 1010 3462 evolutis
1039 3398 1143 3461 labore
1167 3402 1195 3461 et
1217 3399 1305 3462 senio

252 3485 350 3553 tractus
378 3494 471 3567 esset,
507 3505 564 3552 nec
594 3493 698 3569 posset
732 3489 791 3551 iarn
826 3488 991 3550 tumultum
1025 3505 1192 3567 curamque
1222 3487 1305 3550 curie

252 3578 400 3657 sustinere,
435 3595 539 3658 regem
576 3578 690 3641 obnixe
724 3577 864 3657 rogabat,
900 3577 1044 3656 quatinus
1074 3594 1129 3639 sue
1160 3575 1305 3657 deinceps

220 3677 238 3721 io
254 3663 385 3731 debilitati
420 3667 629 3747 senectutique
661 3684 788 3747 parcens
824 3661 933 3746 [tStb]
965 3666 1065 3728 claves
1094 3665 1142 3729 sui
1172 3665 1305 3729 thesauri

254 3754 391 3836 reciperet,
415 3774 550 3836 eumque
565 3757 677 3819 sineret
691 3755 730 3818 ad
747 3755 904 3836 propriam
921 3756 1020 3818 redire
1036 3754 1166 3818 domum
1191 3755 1305 3817 liceret-

254 3861 305 3921 que
318 3847 344 3909 ei
360 3847 438 3911 inter
452 3846 536 3909 tilios
552 3846 706 3925 reliquum
722 3845 782 3908 vite
800 3845 938 3926 quietum
955 3845 1067 3908 ducere
1083 3848 1112 3906 et
1126 3842 1305 3906 iocundum.

255 3929 309 4000 Rex
338 3954 412 4000 vero
447 3935 660 4012 considerans,
699 3935 785 4014 quod
824 3934 1042 3997 rationabiliter
1071 3933 1306 4012 necessarioque

256 4028 361 4104 peteret,
394 4043 467 4088 eum
499 4025 619 4104 magnis
649 4025 741 4088 donis
771 4028 800 4086 et
829 4023 1020 4101 muneribus,
1050 4026 1165 4084 mestus
1195 4027 1305 4097 tamen,

225 4123 243 4166 15
258 4111 327 4176 abire
347 4114 493 4196 permisit
540 4113 679 4194 Receptis
702 4114 803 4193 itaque
826 4112 963 4175 clavibus
986 4115 1015 4174 et
1036 4112 1179 4174 thesauro
1204 4111 1305 4191 ipsum

259 4197 350 4266 iterum
385 4205 437 4268 alii
471 4203 625 4267 commisit
663 4201 859 4266 servandum.
909 4201 999 4262 htiles
1036 4203 1136 4259 autem
1175 4199 1304 4259 domum

260 4292 366 4358 veniens
388 4311 493 4359 curam
509 4292 568 4356 sibi
584 4309 640 4355 sue
655 4291 769 4353 tamilie
784 4288 933 4352 sollicitus
949 4284 1152 4363 impendebat.
1189 4281 1306 4342 llabuit

281 4409 380 4467 Ulrich,
397 4411 537 4458 lateinische
550 4409 686 4454 Novellistilr
700 4409 739 4451 des
758 4404 905 4449 Mittelalters.
1146 4399 1160 4449 7
