3525 5025
689 528 910 585 -3q-

266 700 357 763 nimis
381 704 411 761 et
433 698 554 775 decora,
578 717 671 779 quam
694 698 815 779 juvenis
837 699 990 762 adamavit
1004 698 1140 779 quidam.
1179 698 1240 765 Sed
1255 699 1336 765 adeo

218 807 253 852 ns
266 794 344 853 casta
359 793 431 867 erat,
448 792 482 851 ut
493 806 564 851 eum
581 788 711 852 omnino
723 793 887 869 sperneret,
899 792 928 852 et
939 788 1006 868 ejus
1016 806 1156 853 amorem
1172 794 1336 869 respueret

266 877 360 943 Unde
376 877 489 941 dolens
503 876 582 942 adeo
597 877 737 955 efficitur,
752 881 787 940 ut
802 895 914 957 magna
923 876 1115 957 aegritudine
1126 878 1334 958 stringeretur.

265 968 327 1031 Pro
349 985 414 1046 qua
437 966 528 1047 culpa
556 966 767 1029 miserabiliter
796 967 872 1029 haec
901 965 1074 1047 supradicta
1104 972 1173 1030 nata
1205 985 1274 1030 mea
1302 967 1334 1029 in

264 1056 434 1119 caniculam
460 1059 572 1118 mutata
595 1060 714 1119 est-
746 1061 773 1119 l.
797 1055 855 1119 tiis
886 1055 974 1119 dictis
1004 1073 1077 1136 prae
1100 1056 1198 1120 nimio
1225 1056 1335 1120 dolore

264 1145 365 1227 erupit
389 1144 420 1207 in
445 1144 584 1208 lacrimas
606 1161 685 1208 anus
707 1144 767 1207 iila.
814 1143 863 1207 Ad
887 1144 962 1209 haec
983 1143 1111 1209 femina:
1140 1144 1227 1220 Quid
1250 1162 1335 1225 ergo,

219 1252 333 1297 ancara
365 1233 502 1310 domina,
532 1250 600 1313 ego,
631 1233 740 1297 similis
769 1234 881 1313 peccati
912 1233 1047 1311 conscia,
1078 1233 1167 1314 quid,
1199 1233 1335 1315 inquam,

264 1323 380 1386 factura
394 1323 488 1385 sum?
528 1324 579 1385 Me
602 1322 713 1385 etenim
730 1321 835 1386 dilexit
852 1322 982 1402 juvenis,
1005 1322 1060 1386 sed
1075 1340 1181 1386 amore
1196 1321 1336 1387 castitatis

264 1430 335 1474 eum
367 1412 531 1489 contemsi,
561 1416 590 1475 et
619 1411 711 1475 simili
742 1409 839 1475 modo
870 1412 898 1474 ei
928 1411 1064 1491 contigit
1089 1446 1132 1457 -
1156 1410 1217 1476 Cui
1244 1429 1335 1476 anus:

265 1500 390 1564 Suadeo
404 1500 469 1578 tibi,
485 1518 554 1563 cara
568 1501 673 1578 amica,
687 1504 724 1563 ut
738 1500 905 1580 quamcito
922 1500 1036 1581 poteris
1050 1500 1145 1581 hujus
1156 1500 1335 1579 miserearis,

265 1594 294 1653 et
322 1589 410 1670 quod
442 1590 559 1669 quaerit
589 1590 692 1666 facias,
725 1607 764 1653 ne
793 1593 823 1654 et
851 1594 885 1651 tu
915 1590 1007 1652 simili
1038 1590 1136 1654 modo
1168 1590 1200 1652 in
1228 1607 1335 1654 canem

218 1698 253 1744 ur
267 1678 403 1742 muteris.
442 1678 475 1742 Si
498 1679 580 1741 enim
604 1679 713 1741 scirem
738 1678 816 1741 inter
829 1678 974 1758 juvenem
991 1678 1179 1759 praedictum
1195 1679 1334 1743 etlilium

267 1786 367 1831 meam
398 1785 546 1845 amorem,
577 1785 747 1848 numquam
776 1767 807 1830 in
840 1785 947 1831 canem
979 1772 1146 1831 mutaretur
1172 1768 1237 1831 iilia
1260 1785 1336 1831 mea.

266 1863 295 1920 8.
321 1855 383 1921 Cui
405 1856 448 1919 ait
470 1857 581 1919 mulier
602 1861 694 1920 casta:
734 1856 875 1920 Obsecro
899 1860 932 1919 ut
954 1855 1118 1921 consilium
1143 1855 1218 1920 mihi
1243 1856 1336 1937 hujus

265 1946 307 2009 rei
343 1944 419 2008 utile
452 1946 549 2023 dicas,
583 1963 635 2023 ne,
671 1946 795 2026 propria
826 1946 927 2009 forma
958 1964 1025 2010 mea
1059 1946 1187 2027 privata,
1221 1946 1338 2009 efficiar

265 2034 411 2100 canicula.
443 2070 471 2079 -
502 2034 551 2097 nd
580 2034 655 2097 haec
677 2034 789 2097 vetula:
822 2035 963 2098 libenter
990 2053 1048 2115 pro
1074 2035 1132 2098 Dei
1159 2054 1278 2113 amore,
1308 2040 1337 2099 et

218 2142 253 2187 uo
265 2124 386 2187 animae
402 2141 488 2187 meae
504 2122 649 2202 remedio,
673 2127 703 2186 et
716 2124 789 2203 quia
806 2124 953 2187 misereor
968 2124 1012 2187 tui
1028 2125 1112 2187 hunc
1126 2124 1335 2205 supradictum

265 2231 411 2293 quaeram
427 2212 580 2291 juvenem,
604 2218 641 2290 et,
664 2213 690 2275 si
707 2230 778 2275 eum
796 2212 934 2275 invenire
950 2217 1067 2294 potero,
1082 2213 1121 2276 ad
1138 2218 1167 2276 te
1183 2213 1336 2277 reducam.

273 2338 299 2346 —
331 2301 392 2365 Cui
417 2301 529 2381 gratias
554 2301 617 2381 egit
647 2301 766 2366 mulier.
814 2302 850 2365 Et
877 2301 922 2365 sic
950 2319 1028 2365 anus
1056 2302 1220 2366 artificiosa
1248 2302 1338 2367 dictis

266 2391 360 2454 fidem
386 2390 540 2471 praebuit,
571 2395 600 2453 et
622 2408 715 2471 quem
740 2390 880 2471 promisit
903 2390 1024 2454 reduxit
1051 2391 1209 2471 juvenem,
1242 2392 1338 2455 etsie

266 2498 319 2546 eos
341 2480 511 2545 associavit

682 2623 748 2686 XV.
800 2630 917 2685 1-10.

219 2767 255 2812 us
360 2759 386 2812 1.
411 2747 549 2823 Quidam
572 2747 693 2828 juvenis
722 2748 780 2811 luit
802 2749 856 2828 qui
887 2751 981 2812 totam
1009 2749 1209 2812 intentionem
1240 2767 1337 2828 suam,

267 2843 293 2902 et
315 2843 417 2902 toturn
441 2853 567 2901 sensum
590 2855 692 2915 suum,
715 2840 745 2899 et
766 2836 869 2902 adhuc
891 2841 989 2900 totum
1010 2842 1133 2918 tempus
1147 2856 1239 2901 suum
1256 2839 1339 2902 misit

266 2928 302 2991 ad
327 2929 398 3006 hoc,
423 2930 457 2989 ut
479 2927 568 2990 sciret
590 2925 803 2990 omnimodam
829 2930 925 2989 artem
949 2927 1094 3004 mulieris,
1124 2930 1153 2989 et
1175 2928 1236 2990 hoc
1259 2927 1338 2992 facto

267 3017 362 3082 voluit
385 3015 500 3080 ducere
523 3033 661 3080 uxorem.
696 3014 757 3078 Sed
777 3015 919 3096 primitus
942 3014 1073 3097 perrexit
1095 3033 1242 3095 quaerere
1264 3034 1337 3080 con-

219 3143 222 3152 =
267 3106 382 3184 silium;
419 3108 449 3167 et
478 3105 693 3185 sapientiorem
729 3105 800 3168 ilius
830 3105 967 3184 regionis
997 3103 1072 3168 adiit
1102 3105 1274 3182 hominem,
1309 3110 1339 3169 et

219 3211 256 3257 auo
269 3195 399 3275 qualiter
434 3193 589 3257 custodire
623 3197 726 3275 posset
759 3211 853 3273 quam
889 3193 1001 3257 ducere
1034 3194 1157 3257 volebat
1190 3195 1340 3274 quaesivit

268 3302 406 3349 uxorem.
454 3289 483 3346 2.
507 3282 635 3363 Sapiens
657 3299 732 3346 vero
748 3284 823 3345 haec
836 3281 967 3346 audiens
982 3282 1068 3346 dedit
1081 3283 1141 3347 sibi
1164 3283 1338 3361 consilium,

268 3374 351 3453 quod
368 3375 559 3436 construeret
573 3371 703 3435 domum
719 3371 787 3434 altis
803 3372 970 3453 parietibus
989 3372 1125 3452 lapideis,
1149 3377 1339 3453 poneretque

269 3462 348 3526 intus
371 3460 543 3537 mulierem,
567 3461 714 3540 daretque
737 3461 795 3525 sibi
819 3462 891 3524 satis
913 3460 952 3524 ad
968 3461 1205 3540 comedendum,
1230 3466 1259 3524 et
1274 3480 1337 3525 non

269 3551 426 3632 superflua
450 3549 636 3628 indumenta,
661 3549 831 3630 faceretque
855 3551 894 3613 ita
918 3550 1048 3614 domum
1072 3550 1158 3631 quod
1179 3569 1244 3614 non
1260 3556 1339 3614 esset

220 3655 257 3700 sus
271 3640 299 3702 in
315 3659 351 3703 ea
372 3638 432 3702 nisi
452 3639 554 3702 solum
579 3639 691 3702 ostium
715 3640 843 3720 solaque
866 3640 997 3703 fenestra
1020 3657 1190 3720 perquam
1214 3640 1338 3717 videret,

270 3729 321 3792 sed
343 3733 429 3792 tanta
450 3727 609 3791 altitudine
632 3747 688 3809 per
709 3747 803 3809 quam
825 3747 918 3793 nemo
939 3729 1050 3793 intrare
1066 3734 1169 3810 posset
1184 3729 1232 3792 vel
1248 3730 1338 3792 exire.

273 3824 298 3880 3.
322 3817 450 3898 Juvenis
472 3835 560 3897 erg0,
588 3817 694 3881 audito
717 3819 847 3882 consilio
871 3818 1028 3899 sapientis,
1056 3819 1134 3882 sicut
1160 3818 1187 3881 ei
1210 3818 1339 3897 jusserat

271 3907 337 3986 egit.
385 3907 478 3970 Mane
501 3924 576 3970 vero
599 3906 726 3987 quando
754 3907 876 3987 juvenis
906 3907 946 3969 de
975 3907 1073 3980 domo
1102 3908 1202 3971 exibat
1225 3909 1338 3972 ostium

271 3995 382 4060 domus
397 3995 547 4074 firmabat,
571 4000 601 4059 et
615 3996 753 4059 similiter
769 3997 897 4077 quando
913 3996 1049 4060 intrabat
1084 3995 1222 4071 Quando
1237 4001 1339 4060 autem

221 4101 259 4146 aro
274 4083 443 4148 dormiebat
476 4085 536 4149 sub
570 4085 666 4166 capite
695 4103 754 4149 suo
784 4085 899 4148 clavem
931 4085 1045 4148 domus
1074 4083 1216 4165 ponebat
1270 4086 1341 4149 tioc

273 4191 343 4238 vero
367 4174 465 4253 longo
487 4179 626 4254 tempore
649 4174 718 4254 egit.
764 4173 908 4248 Quadam
932 4191 1007 4236 vero
1029 4173 1093 4251 die,
1121 4171 1196 4235 dum
1219 4173 1340 4251 juvenis

275 4261 327 4326 iret
348 4263 387 4325 ad
412 4262 527 4341 lorum,
559 4263 669 4325 mulier
691 4281 758 4340 sua,
790 4266 823 4324 ut
853 4268 916 4326 erat
944 4261 1033 4325 solita
1064 4262 1175 4336 facere,
1204 4259 1340 4323 ascendit
