3525 5025
1555 469 1563 805 l

625 714 697 777 Arte
720 730 788 775 men
809 710 883 775 volo
906 710 1036 787 concito,
1058 708 1149 773 crede
1172 708 1259 774 mibi.

530 822 567 867 ns
585 802 643 866 Per
665 800 800 865 triduum
825 805 857 864 tu
882 800 966 863 nulla
992 798 1058 863 cani
1082 799 1183 862 dones
1204 799 1351 872 alimenta,

628 891 676 957 lsti
699 890 807 971 ieiuno
830 908 922 971 cepae
944 889 1046 952 terens
1067 887 1203 952 aeidum.

583 980 727 1045 Esuriens
749 980 833 1043 canis
856 982 909 1056 est,
932 977 1008 1041 illud
1033 977 1175 1058 quamvis
1197 976 1237 1040 sit
1257 992 1400 1045 amarum

627 1070 716 1133 Escas
740 1067 888 1149 insipidas
910 1084 977 1131 esse
999 1066 1132 1147 facitque
1154 1066 1260 1129 tames

581 1156 753 1223 Consumta
775 1175 850 1238 cepa
872 1157 965 1221 iacies
986 1156 1071 1220 canis
1094 1155 1194 1218 imbre
1216 1153 1369 1230 madescit,

530 1268 567 1311 reu
627 1246 755 1322 Quaerit
776 1264 855 1309 anus
877 1263 1033 1326 sponsam,
1061 1262 1155 1324 quam
1180 1244 1267 1309 Paris
1288 1243 1339 1305 hic
1359 1237 1474 1303 adamat

581 1336 702 1419 Sponsa
724 1334 809 1399 canis
831 1334 915 1398 videt
935 1334 1053 1412 taciem,
1076 1333 1172 1397 cernit
1194 1333 1387 1396 lacrimarum
1574 1391 1576 1435 ἡ

628 1426 764 1489 Fontem.
811 1424 900 1488 Tunc
922 1423 1052 1503 quaerit:
1080 1422 1157 1500 ,Cur
1179 1423 1275 1502 gemit
1297 1422 1347 1484 illa
1368 1411 1475 1481 mnis?¹

584 1515 674 1578 Ebria
696 1513 855 1595 respondit
876 1530 956 1577 anus
978 1512 1039 1575 isti:
1062 1512 1244 1590 ,Daemonis
1265 1516 1329 1574 arte

628 1604 711 1667 llaec
734 1620 802 1667 mea
825 1606 894 1665 nata
916 1602 973 1665 tuit
996 1601 1109 1682 pulcra,
1133 1600 1246 1681 pudica
1268 1600 1369 1662 nimis

528 1710 567 1755 nn
582 1693 686 1767 Quam
709 1692 830 1772 juvenis
852 1691 981 1773 pulcher
1004 1691 1134 1753 nimium
1159 1689 1264 1752 dileidt
1285 1704 1398 1761 amore,

627 1781 757 1845 flectere
781 1780 963 1844 muneribus
986 1780 1065 1843 hanc
1088 1780 1276 1859 nequiensve
1299 1777 1398 1840 minis.

582 1870 652 1935 lloc
674 1868 759 1934 dolet
781 1869 860 1933 alma
883 1868 1007 1951 Cypris.
1054 1868 1241 1932 Hammonis
1268 1866 1382 1948 poplite
1406 1861 1479 1923 flexo

625 1958 761 2023 Auribus
784 1958 922 2022 insonuit
944 1976 1016 2021 cum
1040 1957 1173 2021 lacrimis
1195 1957 1347 2038 precibus

583 2048 625 2115 Ut
648 2048 897 2129 contemptricem
922 2047 1050 2111 Veneris
1072 2045 1207 2110 stimulet
1228 2065 1318 2109 cruce
1341 2044 1414 2119 dira,

529 2156 566 2201 teu
627 2138 675 2201 Ne
698 2136 832 2217 reliquae
855 2140 992 2199 temnant
1014 2136 1080 2217 ejus
1103 2152 1185 2216 opus
1207 2134 1290 2198 velut
1312 2135 1393 2197 haec.

581 2226 662 2291 Cum
685 2224 779 2306 iudex
802 2225 900 2289 sontis
923 2244 986 2289 non
1011 2225 1075 2287 vult
1099 2225 1209 2305 punire
1232 2229 1357 2300 reatum

625 2315 738 2381 Semita
760 2313 906 2397 peccandi
930 2319 1004 2377 tunc
1026 2313 1150 2378 dabitur
1173 2312 1299 2377 miseris.

580 2404 699 2468 Assolet
723 2396 815 2467 unius
838 2403 987 2467 scelerum
1011 2406 1122 2467 terrere
1145 2403 1302 2466 ministros

626 2492 740 2574 Passi0,
765 2510 935 2575 poenarum
960 2492 1037 2557 labis
1060 2492 1178 2573 iterque
1200 2498 1288 2557 serat.

527 2601 566 2646 un
581 2584 743 2647 Astrorum
768 2601 878 2648 censor
901 2583 961 2646 hoc
977 2600 1110 2664 pensans
1133 2583 1217 2647 idola
1239 2587 1327 2645 natac

623 2671 829 2754 Attribuitque
852 2672 948 2750 canis;
972 2689 1048 2753 ergo
1071 2671 1174 2735 madet
1196 2672 1355 2752 lacrymis‘.

581 2761 645 2828 lstis
668 2763 781 2827 auditis
803 2762 948 2842 singultat
970 2761 1084 2825 femina
1107 2766 1199 2838 casta;

624 2851 757 2918 Conscia
781 2869 869 2916 mens
892 2851 1014 2916 sceleris
1037 2850 1146 2914 crebro
1170 2868 1279 2931 pavere
1302 2850 1387 2914 solet.

579 2941 618 3006 Sc
641 2941 780 3021 queritur
801 2942 928 3019 vetulae,
952 2939 1103 3022 sprevisse
1126 2939 1293 3021 Cupidinis
1315 2955 1415 3002 arcus:

524 3047 564 3092 auu
624 3029 665 3108 ,O
689 3048 781 3112 quarn
806 3030 923 3110 grande
947 3030 1032 3093 neias
1054 3030 1132 3107 hoc‘,
1155 3029 1204 3108 ait,
1227 3029 1297 3107 ,est‘,
1320 3026 1432 3091 vetula!

578 3117 762 3196 ‚Consilium
787 3137 896 3182 sanum
921 3119 1088 3182 contemnit
1111 3136 1204 3182 nemo
1227 3118 1372 3195 disertus;

624 3208 706 3288 Ergo
730 3226 833 3271 meum
858 3211 973 3271 rectum
999 3208 1121 3289 percipe
1144 3207 1317 3271 consilium.

578 3295 758 3360 Antidotum
783 3300 903 3380 gratum
928 3296 981 3360 tibi
1006 3316 1098 3377 spero
1122 3296 1242 3373 referre,
1266 3296 1384 3358 invente

624 3384 811 3450 Plasmatore
835 3385 896 3466 pio,
921 3386 974 3466 qui
998 3385 1083 3449 dedit
1105 3403 1172 3449 esse
1195 3385 1280 3448 mihi.

524 3491 565 3536 non
580 3475 638 3537 Fac
662 3475 782 3538 moechi
806 3474 892 3554 velle,
916 3479 947 3538 tu
972 3492 1012 3538 ne
1035 3475 1191 3539 mutabere
1215 3475 1346 3539 lormam

624 3564 656 3626 ln
683 3563 775 3642 canis,
800 3569 833 3627 ut
855 3564 959 3645 proles
982 3569 1027 3628 est
1049 3583 1117 3628 mea
1139 3582 1226 3628 versa
1245 3565 1328 3644 Jove.

579 3652 664 3716 llaec
686 3651 813 3734 decepta
835 3652 917 3718 dolis
938 3653 1031 3734 jussis
1054 3654 1192 3718 mulieris
1214 3652 1328 3730 obedit,

622 3743 669 3806 Ne
692 3741 751 3805 sibi
775 3742 908 3806 donetur
931 3741 1050 3822 efligies
1073 3743 1175 3826 catuli;

577 3830 720 3911 Namque
743 3849 831 3894 suam
856 3831 989 3911 quisque
1012 3832 1077 3895 vult
1100 3832 1260 3896 delensare
1282 3832 1419 3909 salutem,

522 3935 563 3980 210
626 3920 667 3984 Ut
691 3921 806 3984 Natura
828 3919 912 3983 dedit
936 3921 1178 4001 hominibusque
1200 3922 1282 3986 ieris.

577 4008 705 4082 Quaerit
715 4026 794 4072 anus
807 4026 948 4090 puerum,
965 4025 1057 4088 quem
1070 4009 1196 4075 flamma
1211 4011 1342 4093 perussit
1357 4009 1482 4084 amoris;

623 4099 717 4162 llunc
739 4097 823 4162 ducit
846 4096 988 4161 meretrix
1012 4097 1152 4178 pessima,
1174 4100 1273 4179 iunxit
1296 4118 1360 4165 eos.

577 4187 699 4268 Stagnis
723 4206 787 4251 non
810 4187 915 4266 aliqua
939 4186 1063 4249 lethaeis
1087 4186 1183 4250 bestia
1205 4190 1294 4252 tantis

621 4277 719 4355 Venit,
744 4276 834 4355 plena
857 4275 939 4336 dolis
962 4273 1076 4333 femina
1098 4291 1192 4348 prava
1214 4276 1304 4335 velut.
