3525 5025
686 494 930 551 -171-

270 665 402 746 proprio
430 665 496 728 tilio
526 666 666 746 concepit
688 670 718 729 et
744 666 889 747 peperitu
940 668 1107 746 Imperator
1136 667 1197 730 hoc
1226 667 1340 744 audito,

212 759 380 817 advocata
402 755 538 832 muliere,
562 755 651 817 valde
674 755 776 817 mirari
800 756 880 836 cepit
894 773 932 818 eo
948 755 1034 836 quod
1055 756 1182 820 domina
1198 756 1249 818 illa
1264 756 1342 818 inter

270 843 347 906 alias
371 843 526 911 Romanas
558 843 702 907 mulieres
729 845 960 924 religiosissima
987 845 1157 922 haberetur,
1188 849 1340 908 ettamen

270 932 416 995 credebat
444 932 556 996 clerico
579 950 637 996 suo
660 933 734 1013 quia
757 951 915 1014 nunquam
946 933 1103 1014 percipere
1133 934 1232 1014 potuit
1254 934 1339 1013 quod

270 1021 298 1084 ei
322 1021 511 1084 mentiretur.
549 1020 631 1084 Cum
655 1026 756 1085 autem
780 1022 873 1084 vidua
896 1022 947 1084 illa
971 1022 1109 1085 inducias
1132 1023 1340 1103 respondendi

269 1111 310 1172 ab
333 1110 520 1190 imperatore
546 1111 595 1172 via
626 1111 815 1189 obtinuisset,
846 1111 900 1173 ivit
932 1129 1002 1173 cum
1037 1111 1169 1175 lacrimis
1197 1112 1236 1174 ad
1267 1129 1340 1175 con-

211 1217 257 1262 cso
271 1198 450 1276 sessionem,
473 1203 503 1262 et
525 1199 576 1262 die
597 1217 633 1262 ac
655 1203 744 1263 nocte
767 1200 847 1280 cepit
870 1201 959 1262 Beate
974 1201 1093 1280 Virgini
1118 1200 1342 1281 supplicarent

270 1306 338 1350 eam
364 1288 505 1352 liberaret
526 1289 566 1351 ab
590 1288 715 1350 infamia
738 1293 766 1352 et
788 1308 805 1351 a
829 1294 936 1352 morte.
985 1289 1045 1352 Die
1067 1293 1167 1352 autem
1191 1289 1342 1370 assignata

270 1395 336 1441 non
366 1377 483 1440 invenit
511 1377 645 1457 aliquem
677 1379 716 1440 de
745 1378 852 1440 amicis
881 1378 947 1441 suis
974 1378 1027 1457 qui
1054 1379 1180 1441 auderet
1203 1379 1247 1440 ire
1270 1396 1340 1441 cum

269 1485 314 1543 ea,
331 1467 381 1528 vel
397 1466 508 1530 clerico
524 1466 715 1547 imperatoris
730 1485 764 1529 se
779 1484 948 1547 opponere,
964 1467 1037 1546 quia
1052 1484 1163 1530 omnes
1178 1467 1342 1530 credebant

270 1555 299 1618 ei
329 1559 477 1635 tanquam
512 1556 670 1636 prophete.
716 1555 799 1619 Cum
833 1559 935 1618 autern
971 1555 1183 1635 ingrederetur
1210 1555 1340 1619 domum

212 1661 257 1707 aas
272 1644 475 1724 imperatoris,
513 1645 592 1724 cepit
628 1645 743 1708 demon
782 1661 982 1725 expavescere
1020 1648 1049 1707 et
1086 1645 1223 1709 fremere.
1280 1644 1341 1708 Cui

271 1734 439 1813 imperator
461 1734 514 1796 ait:
541 1732 646 1807 „Quid
672 1734 806 1796 habes?u
844 1734 884 1796 nt
913 1733 963 1796 ille
990 1734 1153 1797 obmutuit.
1188 1733 1342 1814 Apropin-

270 1825 386 1902 quante
407 1826 510 1885 autem
535 1822 662 1885 muliere
677 1823 756 1903 cepit
772 1822 874 1885 dirum
899 1823 1047 1885 ululatum
1073 1823 1216 1901 emittere,
1240 1827 1269 1886 et
1288 1822 1340 1886 ait:

273 1911 372 1976 »Ecce
395 1911 493 1973 Maria
522 1930 592 1974 cum
625 1911 753 1974 muliere
780 1911 831 1974 illa
858 1912 949 1990 venit,
980 1915 1009 1973 et
1036 1929 1102 1974 eam
1132 1929 1187 1992 per
1214 1930 1340 1974 manum

270 2004 380 2062 tenens
394 1999 547 2063 adducit«
581 2002 618 2063 El
633 2001 694 2064 hoc
708 2001 797 2078 dicto,
814 2019 884 2063 cum
902 2001 1025 2064 turbine
1041 2004 1069 2062 et
1085 2001 1180 2063 letore
1196 1999 1342 2064 recedens

214 2108 256 2153 eeu
271 2089 431 2169 disparuit
466 2090 502 2151 Et
525 2090 564 2151 ita
586 2090 759 2170 supradicta
781 2089 875 2152 vidua
898 2108 953 2170 per
975 2090 1115 2152 virtutem
1140 2089 1343 2152 confessionis

271 2177 388 2241 auxilio
419 2179 510 2240 Beate
540 2178 677 2258 Virginis
703 2197 721 2241 a
752 2183 850 2242 morte
880 2183 909 2241 et
939 2177 1066 2240 infamia
1097 2178 1228 2256 liberata,
1259 2182 1342 2258 post-

271 2267 404 2330 modum
440 2266 557 2330 cautius
590 2266 622 2329 in
654 2267 712 2330 Dei
744 2267 874 2330 servicio
909 2268 1119 2347 perseveravit.
1165 2266 1342 2347 Aliquando

268 2360 373 2419 autem
405 2355 586 2435 huiusmodi
617 2356 718 2419 vetule
748 2356 881 2437 pessime
911 2356 1057 2419 simulant
1085 2373 1119 2419 se
1149 2356 1343 2419 divinarent

269 2445 436 2527 pecuniam
460 2449 660 2526 extorqueant
689 2446 728 2508 ab
751 2444 888 2526 illisqui
912 2445 978 2508 illas
1002 2445 1123 2509 curiose
1146 2445 1342 2525 interrogant

638 2594 688 2651 34.
730 2588 783 2669 l=
808 2588 868 2651 uo.
893 2588 977 2668 zm]

215 2733 257 2778 aas
364 2713 413 2776 De
437 2711 624 2794 quibusdam
640 2717 741 2776 tamen
757 2713 860 2776 audivi
878 2712 964 2793 quod
982 2714 1076 2775 multa
1092 2712 1134 2775 illi
1152 2712 1342 2794 promittunt,

270 2804 303 2864 in
328 2807 403 2866 voto
426 2820 460 2865 se
482 2802 662 2881 astringunt,
689 2806 719 2865 et
745 2807 851 2882 postea
873 2804 905 2863 in
930 2802 1145 2865 detrimentum
1170 2802 1341 2864 animarum

269 2910 398 2955 suarum
437 2895 544 2955 votum
583 2892 736 2971 frangunt,
775 2891 914 2953 fraudem
954 2890 1095 2955 faciendo
1131 2891 1174 2953 illi
1213 2890 1343 2954 illudere

268 2980 388 3057 volunt,
419 2980 536 3043 similes
566 2980 687 3043 cuidam
716 2982 784 3042 viro
812 2984 842 3043 et
872 2980 962 3043 uxori
986 2980 1060 3059 eius,
1091 2980 1145 3061 qui
1177 2998 1247 3042 cum
1273 2979 1342 3043 Deo

269 3069 429 3133 vovissent
451 3068 538 3149 quod
562 3087 626 3131 non
653 3069 712 3131 nisi
736 3070 768 3130 in
792 3070 913 3149 magnis
936 3070 1211 3149 sollempnitatibus
1235 3068 1342 3131 vinum

216 3178 257 3223 sn
272 3158 416 3221 biberent
443 3158 492 3220 vel
526 3158 605 3221 iorte
636 3175 705 3221 cum
737 3162 903 3221 mercatum
939 3159 1079 3222 lacerent
1125 3158 1207 3221 Cum
1238 3158 1344 3238 paucis

271 3247 385 3311 diebus
419 3264 531 3327 aquam
563 3248 712 3311 bibissent
741 3248 820 3327 cepit
851 3248 948 3309 homo
979 3247 1069 3310 uxori
1099 3245 1214 3310 dicere:
1250 3247 1342 3312 »Non

271 3354 441 3417 possumus
469 3336 562 3399 bodie
593 3336 723 3399 omnino
750 3336 911 3413 abstinere,
942 3336 1088 3400 faciamus
1120 3339 1286 3399 mercatum
1311 3340 1344 3399 ut

154 3427 155 3464 ἓ
229 3444 241 3458 ·
271 3425 430 3505 possimus
453 3425 560 3488 bibere
582 3425 718 3487 vinum.⁴¹
762 3426 798 3487 Et
819 3424 959 3487 vendidit
982 3425 1070 3488 uxori
1094 3425 1215 3488 asinum
1239 3442 1342 3488 suum.

270 3514 418 3595 Sequenti
457 3517 558 3577 autem
596 3513 648 3576 die
686 3514 762 3577 dixit
799 3531 879 3578 uxor
916 3516 1039 3577 marito:
1088 3515 1183 3579 „Eme
1221 3514 1342 3577 asinum

217 3608 360 3668 motuum
383 3607 415 3666 et
438 3602 582 3666 bibemus
604 3603 740 3667 vinume
791 3604 826 3665 Et
849 3603 888 3665 ita
909 3603 994 3665 omni
1017 3602 1068 3666 die
1092 3602 1242 3666 faciebant
1265 3621 1343 3665 mer-

271 3698 372 3757 catum
396 3696 431 3754 ut
454 3692 560 3754 vinum
585 3692 691 3756 bibere
714 3696 846 3772 possent

635 3837 685 3898 35.
728 3833 781 3914 [=
807 3835 866 3897 Νο.
892 3833 978 3913 282]

361 3958 505 4021 Narravit
520 3957 596 4019 mihi
611 3956 738 4037 quidam
754 3957 843 4020 valde
859 3957 1023 4037 religiosus
1039 3956 1135 4037 quod,
1159 3955 1189 4017 in
1206 3954 1344 4035 partibus

272 4049 388 4129 quibus
411 4049 621 4110 commoratus
643 4045 749 4125 fuerat
772 4046 881 4110 accidit
904 4046 990 4127 quod
1014 4045 1146 4126 quedam
1164 4044 1291 4108 honesta
1314 4048 1344 4107 et

272 4137 418 4217 religiosa
446 4140 584 4197 matrona
614 4136 791 4215 frequenter
820 4136 860 4198 ad
889 4135 1046 4199 ecclesiam
1078 4133 1205 4197 veniens
1232 4133 1282 4195 die
1309 4152 1345 4196 ac

221 4244 259 4290 aa)
273 4231 362 4291 nocte
408 4224 606 4289 devotissime
645 4224 784 4288 Domino
831 4225 990 4287 serviebat
1059 4222 1197 4297 Quidam
1242 4227 1343 4285 autem
