3525 5025
780 518 978 579 -5-

732 688 1020 760 mmm.

694 817 747 880 De
776 834 872 897 equo
903 817 1059 899 perdito.

658 936 748 991 (Poetae
759 934 824 981 latini
838 936 887 981 aevi
901 936 995 981 narolIni
1011 937 1028 990 1,
1044 939 1098 992 ⁵⁵1.)

481 1048 578 1130 Saepe
600 1048 653 1111 dat
675 1048 834 1129 ingenium
858 1047 945 1128 quod
968 1049 1015 1112 vis
1038 1048 1178 1113 conferre
1201 1048 1339 1131 negabat,

525 1137 667 1218 Compos
689 1141 719 1200 et
740 1142 803 1200 arte
826 1141 877 1215 est,
902 1138 956 1217 qui
979 1138 1097 1201 viribus
1121 1138 1223 1220 impos
1246 1143 1315 1202 erat

482 1228 626 1307 Ereptum
650 1227 732 1289 furto
755 1226 899 1290 castrensi
922 1227 954 1289 in
977 1228 1100 1291 turbine
1123 1228 1259 1307 quidam,

525 1315 646 1396 Accipe,
669 1333 732 1395 qua
755 1315 843 1379 miles
864 1319 927 1379 arte
951 1316 1064 1397 recepit
1085 1334 1211 1396 equum.

443 1422 459 1468 s
482 1404 589 1468 Orbus
612 1421 695 1484 equo
718 1403 760 1482 iit,
785 1422 878 1485 preco
901 1405 959 1468 ciet
981 1406 1038 1468 hac
1060 1406 1195 1487 compita
1216 1423 1304 1469 voce:

525 1493 687 1572 ,Quisquis
707 1494 799 1557 habet
818 1497 966 1572 nostrum,
991 1493 1119 1558 reddere
1138 1499 1229 1558 certet
1244 1512 1369 1575 equum.

481 1581 535 1646 Sin
558 1582 639 1660 alias,
664 1586 744 1645 tanta
766 1582 872 1646 iaciam
898 1582 1015 1647 ratione
1038 1588 1167 1663 coactus,

527 1671 623 1745 Quod
647 1676 750 1735 noster
774 1671 873 1741 Roma
895 1672 966 1735 iecit
988 1672 1019 1734 in
1043 1673 1121 1737 urbe
1143 1676 1247 1755 pater‘.

483 1759 543 1828 Res
566 1764 670 1824 movet
692 1761 766 1824 haec
788 1777 906 1838 omnes,
937 1765 967 1824 et
989 1779 1105 1842 equum
1129 1761 1180 1824 iur
1201 1762 1273 1825 sivit
1294 1760 1386 1839 abire,

430 1869 459 1915 ιο
528 1849 612 1912 Dum
635 1867 692 1913 sua
714 1851 762 1913 vel
785 1850 895 1930 populi
918 1849 1031 1913 damna
1053 1850 1193 1932 pavenda
1215 1851 1308 1915 timet.

484 1939 577 2002 Hunc
599 1939 693 2002 herus
715 1942 749 2002 ut
771 1938 890 2020 reperit,
918 1938 1032 2020 gaudet
1054 1940 1231 2020 potiturque
1258 1943 1387 2021 reperto,

527 2027 755 2108 Gratanturque
779 2027 832 2108 illi,
857 2028 929 2108 quis
951 2033 1051 2092 metus
1072 2033 1142 2092 ante
1164 2028 1232 2093 tuit.

484 2116 558 2179 inde
581 2121 698 2197 rogant,
722 2116 798 2197 quid
822 2134 905 2197 equo
928 2116 1026 2181 fuerat
1048 2117 1182 2182 tacturus
1204 2116 1358 2198 adempto,

526 2205 580 2269 Vel
604 2205 681 2287 quid
704 2206 736 2268 in
760 2206 837 2269 urbe
859 2223 936 2270 suus
957 2206 1053 2287 egerit
1074 2211 1144 2270 ante
1167 2210 1261 2289 pater.

432 2314 460 2358 15
483 2294 587 2372 ,Sella‘,
610 2295 659 2373 ait,
682 2294 840 2375 ,adiunctis
863 2295 945 2359 collo
968 2294 1144 2361 revehendo
1167 2294 1278 2377 lupatis

527 2383 754 2464 Sarcinulisque
776 2383 844 2447 aliis
866 2384 929 2447 ibat
950 2388 1080 2449 onustus
1103 2384 1204 2466 inops.

483 2472 535 2537 Nil
559 2473 644 2554 quod
669 2476 786 2555 pungat
809 2473 934 2552 habens,
957 2473 1082 2538 calcaria
1104 2474 1185 2539 calce
1209 2476 1366 2556 reportans

528 2563 614 2627 Olim
637 2580 740 2644 eques,
764 2562 836 2626 inde
859 2562 938 2626 redit
959 2563 997 2626 ad
1021 2581 1077 2627 sua
1099 2567 1174 2627 tecta
1197 2563 1299 2644 pedes.

485 2653 578 2716 Hunc
600 2652 733 2716 imitatus
755 2669 816 2733 ego
838 2651 977 2716 fecissem
1001 2652 1071 2715 talia
1091 2652 1191 2730 tristis,

433 2760 461 2805 ao
529 2742 569 2804 Ni
592 2742 671 2805 ioret
693 2742 749 2805 iste
772 2740 856 2817 mihi,
879 2740 977 2820 crede,
1001 2745 1139 2822 repertus
1161 2741 1277 2820 equus‘.

801 2901 962 2910 ——-

655 3003 1104 3092 mmmmm.

703 3129 801 3184 (Leyser,
818 3127 921 3173 Historia
934 3131 987 3171 20⁰8
1000 3128 1038 3181 ss.)

899 3241 919 3304 1.

485 3364 607 3429 Coeeus
630 3369 694 3428 erat
716 3365 851 3444 quidam,
875 3366 925 3428 cui
950 3364 1055 3446 pulcra
1077 3364 1194 3444 virago,
1218 3379 1376 3426 reservans

531 3455 620 3517 Hanc
642 3471 723 3535 puro
747 3472 831 3535 pure,
855 3472 895 3518 ne
918 3455 981 3518 luat
1003 3453 1078 3517 haec
1099 3452 1182 3516 alias.

486 3544 519 3605 ln
542 3544 636 3607 curtis
657 3542 748 3606 viridi
773 3542 907 3607 resident
929 3544 960 3606 hi
985 3542 1097 3624 cespite
1120 3540 1280 3622 quondam

531 3633 620 3696 Luce.
668 3632 746 3696 Petit
768 3632 886 3711 mulier,
911 3632 1008 3696 robur
1029 3631 1114 3695 adire
1137 3631 1214 3713 pyri.

448 3738 463 3784 5
485 3721 539 3785 Vir
561 3721 648 3800 favet,
672 3721 857 3802 amplectens
881 3740 954 3785 mox
978 3723 1074 3784 robur
1097 3720 1213 3800 ubique
1238 3718 1367 3797 lacertis;

530 3811 633 3875 Arbor
655 3810 774 3874 adunca
796 3810 861 3888 fuir,
887 3829 948 3891 qua
970 3810 1057 3874 latuit
1078 3808 1209 3890 juvenis.

486 3900 685 3982 Amplexetur
707 3919 782 3977 eam,
806 3899 885 3964 dans
907 3900 992 3963 basia
1014 3898 1116 3962 dulcia
1123 3919 1132 3976 ς
1155 3902 1265 3961 terram

532 3990 646 4071 incepit
668 3988 768 4052 colere
791 4006 917 4052 vomere
940 4007 1010 4052 eum
1035 3987 1171 4069 proprio.

486 4077 581 4141 Audit
603 4079 650 4142 vir
672 4078 844 4160 strepitum;
869 4096 939 4140 nam
964 4078 1073 4142 crebro
1096 4075 1227 4140 carentia
1250 4091 1359 4138 sensus

438 4184 464 4230 10
534 4168 645 4245 Unius,
668 4167 700 4230 in
724 4167 853 4247 reliquo,
877 4184 983 4244 nosco,
1006 4167 1109 4246 vigere
1131 4165 1217 4228 solet

487 4257 567 4334 ,Heu
592 4257 701 4334 miser,
725 4257 847 4334 clamat;
870 4260 909 4333 ‚te
932 4254 1023 4317 laedit
1044 4253 1163 4316 adulter
1185 4251 1318 4316 ibidem!
