3525 5025
674 506 920 561 -107-

284 676 393 740 docente
415 677 544 758 magisto
569 677 746 757 perciperet
777 676 878 756 [155⁸]
905 676 1045 757 Contigit
1066 680 1167 739 autern
1192 682 1262 758 post
1277 676 1334 741 hec

283 769 381 845 patrem
404 767 469 829 eius
492 766 577 829 febre
601 770 689 828 acula
711 769 884 846 correptum
910 766 941 827 in
966 766 1076 829 lectum
1100 766 1250 843 decidere,
1278 766 1331 847 qui

236 855 469 918 msinlinnitatem
503 872 537 918 se
571 854 702 917 evadere
732 872 795 918 non
827 872 919 935 posse
954 854 1138 935 intelligens,
1169 854 1264 918 liliam
1295 874 1332 919 ex

281 948 440 1008 testamento
468 944 610 1008 omnium
643 943 799 1007 bonorum
823 961 952 1007 suorum
984 943 1155 1024 designavit
1178 944 1332 1023 heredem,

283 1032 374 1112 sicque
405 1033 552 1096 ordinatis
588 1032 682 1095 rebus
714 1033 778 1095 suis
816 1032 979 1096 defunctus
1014 1037 1065 1097 est
1120 1033 1224 1096 Puella
1258 1050 1333 1097 vero

281 1121 427 1185 hereditate
461 1122 555 1202 patris
598 1122 693 1202 potita
734 1120 867 1183 firmavit
906 1122 937 1184 in
976 1122 1093 1199 animo,
1140 1122 1261 1185 nullum
1300 1140 1333 1185 se

280 1215 451 1291 accepturam
483 1212 595 1287 virum,
626 1210 685 1274 nisi
715 1229 808 1290 quem
837 1210 896 1274 sibi
926 1215 954 1274 et
981 1210 1127 1291 sapientia
1155 1216 1185 1275 et
1211 1212 1333 1291 generis

236 1300 406 1363 uonobilitas
427 1300 601 1380 adequaret
634 1299 805 1363 Veniebant
819 1306 921 1362 autern
936 1299 975 1362 ad
1000 1318 1065 1363 earn
1089 1317 1181 1380 quam
1207 1300 1331 1381 plurimi

281 1388 415 1451 nobilium
439 1389 504 1466 lilii,
528 1407 583 1452 seu
607 1389 674 1452 eius
697 1388 925 1469 pulchritudine
948 1406 1001 1452 seu
1026 1388 1219 1454 facultalibus
1242 1389 1330 1470 capti,

280 1477 465 1541 sollicitabant
480 1496 547 1541 eam
565 1478 605 1541 de
620 1478 776 1557 coniugio,
797 1478 961 1558 pulsabant
976 1478 1126 1558 precibus,
1152 1478 1333 1542 muneribus

277 1567 457 1645 attrahebant,
470 1567 636 1631 offerentes
647 1566 774 1646 quidem
788 1567 890 1645 multa,
903 1567 957 1631 sed
971 1566 1103 1647 plurima
1115 1568 1332 1648 promittentes.

279 1654 311 1715 At
329 1656 383 1734 illa,
413 1661 446 1720 ut
468 1661 532 1719 erat
559 1656 720 1737 prudentis
741 1656 845 1734 animi,
877 1656 997 1719 nullum
1022 1673 1171 1736 spernens
1194 1656 1333 1737 nullique

236 1758 306 1805 asse
325 1744 477 1825 denegans
499 1744 688 1826 precantium
713 1744 808 1809 cuivis
832 1745 880 1808 sui
904 1745 1143 1810 contubernium
1175 1744 1332 1823 offerebat,

279 1833 329 1895 sub
349 1835 395 1896 tali
419 1833 577 1896 dumtaxat
599 1834 785 1911 conditione,
809 1839 842 1897 ut
858 1834 958 1915 prima
973 1838 1062 1897 nocte
1078 1838 1198 1897 centum
1215 1834 1331 1915 argenti

279 1940 381 1986 marcas
395 1923 534 2000 solveret,
559 1942 594 1986 ea
609 1928 700 2003 prout
716 1923 805 1987 vellet
821 1923 949 2003 eiusque
965 1923 1158 2003 amplexibus
1172 1923 1332 2001 frueretur,

277 2028 306 2073 ac
335 2013 444 2075 deinde
479 2030 570 2075 mane
604 2013 695 2090 lacto,
732 2013 756 2076 si
787 2011 861 2075 alter
892 2012 974 2075 alteri
1007 2012 1220 2092 complaceret,
1260 2018 1333 2076 tunc

277 2101 500 2182 sollempniores
524 2119 627 2165 coram
650 2101 756 2164 amicis
780 2102 902 2182 nuptias
925 2102 1119 2165 celebrarent.
1152 2103 1218 2165 Hac
1241 2102 1334 2181 igilur

237 2190 441 2254 mconditione
478 2191 582 2253 audita
619 2191 783 2254 veniebant
824 2190 911 2253 multi
947 2191 1089 2268 iuvenes,
1133 2191 1332 2271 provectioris

276 2296 390 2359 quoque
419 2280 505 2343 etatis
533 2279 600 2357 viri,
635 2297 799 2343 numerum
824 2284 853 2342 et
876 2279 1001 2360 pondus
1025 2296 1196 2343 marcarum
1221 2280 1331 2361 virgini

277 2367 436 2433 offerentes.
483 2367 544 2434 Sed
574 2369 662 2431 vacui
693 2374 753 2431 tam
785 2369 824 2431 ab
854 2369 922 2432 eius
951 2368 1158 2449 amplexibus,
1190 2386 1283 2449 quam
1315 2388 1333 2431 a

276 2458 393 2536 munia
416 2457 607 2523 recedebant
654 2459 857 2522 incantaverat
879 2462 909 2521 el
939 2458 1021 2522 enirn
1053 2458 1103 2522 illa
1134 2458 1251 2539 magica
1278 2475 1333 2522 sua

275 2551 330 2609 arte
361 2554 511 2613 nocturne
546 2548 648 2627 strigis
683 2566 829 2628 pennam,
869 2566 963 2629 quam
999 2567 1068 2611 cum
1104 2548 1193 2628 capiti
1228 2566 1332 2611 secum

236 2634 389 2700 oiacentis
411 2637 633 2718 supposuisset,
663 2638 763 2700 statim
787 2637 837 2699 ille
860 2655 974 2701 somno
1004 2641 1147 2717 gravatus
1171 2636 1332 2717 usquead

277 2723 328 2786 diei
350 2727 505 2806 sequentis
527 2744 679 2805 auroram,
710 2727 758 2789 vel
783 2745 948 2806 quousque
972 2727 1022 2789 illa
1050 2743 1182 2806 pennam
1206 2726 1331 2805 tolleret,

278 2811 433 2878 immobilis
456 2817 661 2897 permanebat
696 2816 808 2895 Sicque
832 2816 881 2878 illa
899 2816 1012 2878 multos
1034 2815 1171 2895 spolians
1195 2815 1333 2896 pecuniis

278 2899 418 2966 inlinitum
449 2905 508 2968 sibi
539 2905 737 2985 congregavit
765 2905 952 2982 thesaurum,
984 2909 1012 2967 et
1034 2905 1165 2968 aliorum
1189 2905 1333 2984 dampnis

278 2988 384 3054 lucrum
407 3012 499 3057 suum
522 2995 736 3074 augmentavit

237 3090 269 3135 110
356 3083 433 3146 lnler
466 3101 523 3146 eos
554 3087 664 3161 autern,
700 3083 753 3163 qui
788 3083 826 3145 ad
862 3083 922 3145 hoc
955 3083 1054 3164 puteal
1087 3100 1157 3146 suas
1187 3082 1332 3163 pecunias

280 3168 442 3250 ollcrebant,
475 3172 595 3235 iuvenis
625 3172 740 3236 nobilis
767 3172 893 3253 quidem
923 3172 1001 3251 satis,
1035 3171 1088 3236 sed
1113 3172 1217 3234 minus
1240 3171 1332 3234 lacul-

279 3258 376 3323 tatibus
413 3261 550 3341 pollens,
593 3265 715 3323 centum
755 3279 870 3324 marcas
913 3279 1006 3342 super
1045 3261 1240 3341 possessione
1278 3278 1334 3325 sua

279 3352 415 3414 mutuatas
444 3350 557 3430 virgini
587 3351 646 3412 sub
679 3350 730 3412 illa
760 3351 938 3413 conditione
969 3351 1086 3414 obtulit.
1133 3349 1259 3423 Quibus
1283 3350 1333 3413 illa

278 3439 412 3518 susceptis
434 3439 486 3502 die
507 3439 643 3501 iliacum
660 3439 770 3502 iuvene
794 3440 925 3502 multum
950 3440 1010 3503 cibi
1026 3439 1132 3502 etvini
1150 3439 1208 3502 sibi
1227 3435 1330 3520 [tSSb]

237 3523 430 3607 usindulgens
453 3545 586 3607 seroque
617 3527 648 3589 in
680 3528 789 3592 lectum
821 3529 955 3592 molliter
985 3533 1109 3592 stratum
1140 3529 1215 3591 nudi
1239 3530 1332 3592 ambo

279 3615 378 3691 pariter
398 3636 431 3680 se
455 3616 614 3695 collocant,
638 3635 738 3697 penna
766 3617 817 3679 illa
840 3618 942 3697 strigis
966 3619 1051 3698 prius
1074 3618 1194 3681 iuvenis
1217 3636 1332 3699 suppo-

278 3702 325 3765 sita
345 3706 490 3770 cervicali.
536 3705 699 3768 Necdum
723 3710 823 3769 aulem
848 3706 899 3769 ille
922 3707 1061 3769 membra
1085 3707 1170 3785 lectu,
1194 3707 1332 3770 cervicali

278 3800 356 3873 capul
383 3800 548 3877 aptaverat,
583 3814 653 3857 curn
686 3795 752 3875 ipse
787 3795 989 3858 obdormiens
1020 3814 1119 3875 usque
1153 3796 1191 3858 ad
1224 3797 1331 3859 horam

278 3878 329 3943 diei
359 3885 488 3964 primam
512 3884 640 3964 virginis
671 3903 774 3947 secum
798 3884 980 3948 dormientis
1009 3885 1123 3949 oblitus
1147 3889 1198 3948 est
1246 3887 1333 3948 Tunc

238 3970 351 4034 loenirn
385 3973 435 4037 illa
469 3991 600 4053 surgens
634 3991 767 4054 pennam
799 3974 935 4051 abstulit,
975 3974 1124 4054 illumque
1156 3975 1331 4053 evigilatum

279 4061 429 4125 contusum
453 4063 543 4125 mittit
564 4061 603 4124 ad
628 4063 760 4143 propria.
790 4063 905 4126 Verum
923 4063 1043 4126 iuvenis
1058 4082 1091 4127 se
1107 4081 1173 4126 esse
1189 4064 1331 4127 delusum

280 4144 384 4228 dolens,
414 4151 591 4232 aquodam
622 4170 712 4215 servo
740 4152 841 4230 divite,
872 4153 921 4215 cui
953 4153 1111 4232 quondam
1145 4153 1209 4231 ipse
1240 4152 1332 4215 iratus

280 4237 378 4311 pedem
400 4240 560 4318 abciderat,
584 4245 704 4303 centurn
729 4241 845 4321 argenti
866 4259 982 4304 marcas
998 4241 1057 4304 sibi
1082 4241 1212 4302 mutuari
1238 4244 1332 4318 rogat,
