3525 5025
664 510 883 565 „39-

260 695 328 757 opus
341 680 515 759 perpetrabo
532 680 620 759 quod
644 698 696 742 rex
719 680 824 759 fugam
840 681 968 761 accipiet
982 700 1052 744 cum
1069 682 1200 745 exercitu
1216 696 1303 746 suo.l

215 782 249 827 au
262 766 311 827 Die
335 769 457 832 crastina
487 787 540 831 rex
571 787 683 847 graues
717 770 847 832 insultus
877 770 988 833 ciuitati
1019 770 1112 833 dedit.
1161 772 1307 851 Magister

259 856 372 933 quadarn
387 858 487 921 tunica
502 858 635 920 mirabili
651 876 684 920 se
698 858 798 920 induit
820 858 1000 938 habensque
1015 860 1047 922 in
1063 860 1165 923 tunica
1188 878 1305 941 pennas

259 946 371 1022 pauonis
393 950 421 1008 et
443 965 539 1027 parua
561 947 742 1009 tintinabula
763 951 793 1009 et
808 947 886 1010 alios
901 947 1020 1012 colores
1039 948 1167 1011 aliarum
1191 950 1306 1029 auium,

258 1033 353 1097 caudas
373 1036 558 1098 surellorum
582 1036 670 1099 etsie
688 1054 758 1099 cum
775 1036 902 1113 duobus
917 1037 1028 1116 gladiis
1044 1038 1146 1118 politis
1161 1038 1304 1101 alciorem

257 1126 353 1185 turrem
379 1125 507 1187 ciuitatis
534 1124 677 1201 ascendit,
709 1125 761 1188 vbi
790 1144 842 1187 rex
872 1144 943 1188 cum
975 1130 1040 1191 toto
1071 1127 1202 1190 exercitu
1233 1146 1304 1191 eum

215 1211 346 1275 navidere
367 1218 477 1293 posset.
527 1215 696 1293 lncepitse
720 1215 887 1277 hincinde
912 1233 1046 1293 mouere,
1077 1216 1158 1279 duos
1185 1216 1305 1296 gladios

259 1299 283 1360 in
303 1318 351 1364 ore
371 1307 473 1365 tenere
496 1307 526 1365 et
549 1304 629 1366 miro
645 1303 741 1366 modo
756 1304 927 1383 splendere.
968 1304 1011 1366 llli
1028 1323 1102 1368 vero
1118 1304 1157 1367 de
1173 1306 1304 1369 exercitu

259 1388 326 1469 [hoc]
349 1392 484 1455 videntes
508 1392 572 1471 regi
597 1392 751 1454 dixemnt:
777 1392 829 1459 »Ο
853 1392 988 1470 domine,
1014 1412 1118 1457 nonne
1141 1394 1249 1457 videtis
1273 1394 1303 1457 in

230 1500 234 1506 ·
257 1480 408 1543 summitate
430 1482 523 1543 turris
547 1499 642 1544 vnum
668 1481 848 1545 mirabile?¹‘
889 1481 928 1544 At
952 1482 1014 1545 ille:
1042 1484 1098 1547 „Et
1120 1483 1191 1547 satis
1215 1484 1305 1546 mira·

257 1566 316 1644 biie;
347 1570 399 1631 sed
433 1571 501 1650 quit
534 1571 579 1646 sit,
615 1571 736 1649 penitus
769 1570 910 1652 ignoro.a
959 1572 998 1635 At
1029 1571 1083 1634 illi:
1123 1574 1194 1637 „list
1227 1573 1305 1635 deus

215 1654 494 1736 mChristianorum,
526 1660 580 1738 qui
608 1659 648 1721 de
671 1660 737 1723 celo
766 1658 930 1737 descendit,
962 1661 1015 1739 qui
1044 1678 1099 1740 per
1126 1661 1196 1725 illos
1224 1662 1305 1725 duos

256 1744 358 1821 gladios
387 1766 446 1811 nos
476 1765 586 1812 omnes
616 1748 786 1826 interficiet,
821 1749 846 1812 si
878 1767 997 1812 moram
1030 1750 1079 1811 hic
1109 1749 1300 1815 fecerimus.¹¹

257 1831 308 1898 Rex
335 1837 388 1899 hec
413 1838 543 1900 audiens
571 1838 671 1905 timuit
698 1844 728 1901 et
753 1839 806 1901 ait:
841 1839 898 1903 „Et
925 1838 1001 1917 quid
1030 1838 1217 1901 faciemus?“
1267 1840 1306 1902 At

256 1921 300 1985 illi:
323 1926 410 1989 „Non
435 1931 480 1989 est
503 1926 561 1989 nisi
584 1927 634 1989 via
656 1945 731 1989 vna:
756 1927 795 1989 de
818 1928 888 1990 loco
913 1927 971 1990 isto
994 1927 1091 1990 statim
1116 1928 1302 2005 recedamus
1353 1986 1357 1993 .

256 2028 286 2073 ne
310 2013 383 2077 deus
412 2015 462 2077 ille
492 2016 586 2078 cicius
617 2033 687 2078 cunr
719 2016 778 2079 illis
807 2016 919 2096 gladiis
950 2033 1008 2079 nos
1039 2017 1190 2080 occidatl¹¹
1240 2016 1303 2086 Rex

215 2116 316 2164 severo
337 2122 404 2166 cum
428 2109 494 2167 toto
517 2104 649 2167 exercitu
665 2106 780 2185 accepit
803 2106 917 2185 lugam,
942 2122 1011 2168 cum
1036 2109 1136 2169 tamen
1162 2124 1224 2170 non
1241 2111 1304 2169 erat

256 2206 369 2255 necesse.
417 2192 557 2271 Romani,
581 2194 718 2257 videntes
741 2194 827 2273 quod
851 2194 957 2274 fugam
981 2200 1169 2274 acceperunt,
1197 2195 1302 2257 armati

255 2283 311 2354 post
323 2300 374 2344 eos
389 2286 454 2345 toto
469 2283 632 2345 conanime
648 2284 862 2363 sequebantur,
880 2302 984 2363 regem
1001 2302 1108 2347 eorum
1126 2284 1304 2348 occiderunt

254 2371 277 2426 et
295 2368 424 2434 infinitos
446 2372 533 2445 alios,
565 2372 604 2434 ita
632 2373 718 2451 quod
747 2374 832 2453 pavci
857 2377 1077 2436 remanserunt.
1125 2374 1160 2436 Et
1181 2374 1226 2436 sic
1249 2391 1303 2453 per

254 2460 381 2522 cautelam
403 2461 487 2524 senis
510 2460 649 2524 deuictus
675 2461 751 2542 [est].

398 2657 488 2720 Sexta
511 2657 648 2720 narracio
671 2658 745 2720 sexti
769 2657 905 2737 magistri
931 2658 991 2737 (Βὶ.
1018 2659 1133 2737 163ν.).

680 2777 851 2848 [Amatores]

216 2913 243 2958 m
328 2906 492 2985 imperator
515 2905 640 2984 quidam
665 2910 734 2983 erat,
765 2907 819 2986 qui
844 2907 900 2969 lli.
925 2906 1035 2970 milites
1059 2907 1196 2985 habebat,
1221 2924 1301 2987 quos

253 2990 318 3055 niro
340 2995 434 3057 modo
457 2994 571 3057 dilexit
618 2997 649 3056 ln
674 2995 793 3058 ciuitate
822 3013 949 3059 romana
977 2999 1039 3058 erat
1062 2996 1188 3076 quidam
1214 2997 1301 3060 miles

251 3095 336 3160 senex,
365 3084 418 3163 qui
449 3085 644 3147 iuuenculam
677 3085 814 3165 pulcram
844 3085 875 3147 in
899 3102 1025 3148 vxorern
1045 3086 1175 3166 accepit,
1206 3104 1299 3165 quam

251 3184 328 3248 super
355 3174 460 3235 omnia
490 3172 601 3250 dilexit,
633 3173 711 3237 sicut
738 3174 797 3235 ianr
826 3192 883 3237 vos
914 3175 1134 3253 imperatricem
1167 3174 1300 3254 diligitis.

253 3255 371 3323 Domina
393 3263 450 3324 ista
473 3262 552 3325 miro
576 3263 672 3326 modo
696 3263 824 3326 dulciter
847 3264 986 3339 cantauit,
1017 3264 1048 3325 in
1073 3268 1189 3326 tanturn
1213 3263 1300 3343 quod

214 3347 348 3412 nnuttos
369 3351 407 3414 ad
438 3350 569 3413 domum
593 3370 679 3414 suam
708 3353 796 3414 traxit
818 3357 847 3414 et
869 3371 887 3414 a
910 3353 1013 3415 multis
1036 3357 1098 3415 erat
1120 3352 1299 3416 desiderata.

251 3433 351 3501 Accidit
382 3441 491 3516 semel,
526 3459 596 3503 cum
627 3442 745 3503 sederet
777 3442 808 3504 in
839 3441 920 3504 solio
952 3459 1010 3504 suo
1040 3459 1147 3504 versus
1177 3446 1298 3505 stratam

251 3526 394 3607 publicam,
419 3533 452 3591 ut
466 3533 656 3592 transcuntes
670 3529 794 3607 videret,
819 3530 932 3610 incepit
947 3534 1066 3593 cantare
1085 3537 1145 3592 tarn
1162 3530 1299 3609 dulciter,

251 3617 321 3690 quod
342 3637 450 3681 omnes
473 3618 700 3681 delectabantur
722 3638 788 3682 eam
812 3619 927 3682 audire.
963 3619 989 3681 Α
1013 3637 1083 3682 casu
1107 3638 1187 3684 vnus
1212 3620 1299 3683 miles

250 3718 278 3762 ac
295 3707 392 3770 senior
406 3707 446 3770 de
462 3708 544 3770 curia
568 3709 760 3789 imperatoris
775 3709 934 3771 transitum
952 3727 1007 3788 per
1022 3709 1151 3771 eandem
1169 3709 1297 3789 plateam

215 3789 349 3872 uicerat,
372 3798 434 3877 qui,
459 3815 529 3859 cum
553 3797 688 3860 audisset
710 3816 777 3859 eam
800 3802 860 3859 tarn
882 3798 1011 3860 dulciter
1034 3802 1161 3874 cantare,
1186 3797 1300 3860 leuauit

250 3884 356 3948 udulos
382 3886 450 3948 eius
476 3890 506 3947 et
532 3905 599 3949 earn
629 3887 733 3948 intime
757 3887 895 3966 respexit.
942 3885 1046 3950 Statim
1071 3892 1176 3966 captus
1199 3892 1243 3950 est
1266 3888 1297 3950 in

250 3985 337 4034 anore
359 3975 432 4052 eius,
456 3974 585 4037 domurn
609 3994 696 4038 suam
721 3976 850 4053 intrauit,
874 3975 969 4038 verba
991 3975 1030 4038 de
1053 3993 1158 4038 amore
1182 3975 1297 4038 inordi-

251 4064 307 4122 nato
327 4064 352 4124 ei
382 4063 556 4144 proterebat
586 4070 614 4127 et
640 4065 692 4127 ait:
727 4065 907 4138 „Quantum
938 4065 993 4127 tibi
1024 4063 1097 4126 dare
1128 4064 1236 4141 debeb,
1267 4069 1299 4127 vt

251 4163 298 4208 vna
318 4157 401 4215 nocte
424 4157 523 4216 tecum
547 4155 741 4217 dormiam?‘¹
791 4154 915 4216 Atilia:
951 4152 1104 4217 „Centum
1129 4153 1294 4216 florenosl

216 4232 304 4306 uQur
323 4240 372 4303 ait:
406 4241 587 4320 „Concedo;
615 4243 670 4305 sed
694 4243 744 4305 dic
767 4243 867 4318 michi,
892 4241 1018 4320 quando
1041 4241 1080 4303 ad
1105 4247 1132 4303 ie
1155 4240 1298 4304 accedere
