3525 5025
664 506 887 566 ..65-

228 699 257 744 ur
269 682 393 744 tationem
407 687 435 745 et
450 685 605 764 portarent
620 684 660 745 ad
677 682 778 762 ipsum
795 681 834 743 de
850 681 969 762 tyriaca,
992 685 1022 743 et
1036 680 1113 743 nihil
1136 680 1164 744 ei
1182 680 1309 761 profuit,

266 771 335 833 etin
355 772 437 835 astris
459 772 655 851 contemplati
685 774 757 833 sunt
785 774 849 833 arte
875 788 939 847 sua,
970 769 1071 833 donec
1099 788 1177 850 puer
1200 768 1311 849 incepit

266 860 345 939 loqui,
366 861 498 941 privatus
520 861 604 923 enim
629 864 691 923 erat
706 877 857 936 sermone,
881 861 911 921 et
925 858 967 921 ait
980 858 1065 921 filius
1081 859 1175 938 regis:
1199 857 1311 922 Scitote

265 967 305 1011 me
324 950 415 1012 sanari
440 968 503 1013 non
528 967 619 1030 posse
635 949 736 1012 donec
752 947 879 1013 veniens
896 945 1042 1011 heremita
1057 948 1110 1027 qui
1134 947 1200 1010 sine
1221 947 1311 1027 culpa

263 1039 352 1100 estad
380 1044 508 1101 mortem
538 1037 768 1115 condamnatus,
800 1042 829 1099 ct
858 1036 949 1099 ducat
980 1054 1105 1099 manum
1136 1053 1224 1099 suam
1256 1052 1311 1116 per

224 1143 368 1189 mcarnem
392 1146 500 1191 meam.
548 1128 584 1189 Et
610 1126 739 1190 audiens
767 1126 827 1189 hoc
849 1144 910 1203 rex,
941 1125 1096 1188 mandavit
1123 1125 1194 1187 duci
1225 1125 1310 1189 bere-

263 1216 351 1277 mitam
373 1216 409 1278 ad
434 1235 480 1294 se;
512 1216 565 1296 qui
593 1234 611 1278 a
642 1234 713 1295 rege
744 1216 947 1294 interrogatus
976 1214 1118 1295 exposuit
1147 1214 1174 1276 ei
1205 1212 1312 1276 omnia

262 1322 312 1383 que
338 1306 445 1369 fecerat
474 1306 548 1369 feris
578 1309 607 1368 et
636 1304 763 1382 aurifici,
798 1308 827 1367 et
856 1303 985 1367 verbum
1017 1322 1081 1384 quo
1114 1302 1178 1366 fere
1208 1302 1310 1383 ipsum

263 1400 488 1472 promonuerant
511 1393 629 1457 homini
662 1411 725 1457 non
750 1392 929 1456 benefacere
952 1397 981 1456 et
1007 1410 1103 1473 quare
1126 1396 1249 1456 venerat
1271 1391 1310 1454 ad

263 1481 331 1545 illam
353 1483 509 1547 civitatem.
541 1484 577 1546 iit
599 1482 721 1547 elevatis
736 1482 834 1545 oculis
849 1481 889 1544 ad
913 1482 1022 1559 celum,
1046 1482 1144 1544 oravit
1166 1480 1312 1543 heremita

224 1572 295 1633 mad
314 1571 400 1634 deum
424 1572 543 1635 dicens:
570 1573 705 1635 Domine
729 1571 814 1649 deus,
838 1589 899 1651 ego
922 1589 991 1635 sum
1016 1571 1166 1634 innocens
1189 1569 1229 1633 de
1252 1570 1313 1633 boc

263 1662 383 1739 negocio,
413 1679 496 1739 sana,
528 1661 666 1740 obsecro,
697 1660 797 1723 filium
822 1659 912 1740 regis.
958 1661 995 1722 Et
1017 1678 1094 1740 puer
1120 1662 1244 1723 sanatus
1266 1662 1312 1721 est

263 1753 286 1811 et
317 1751 432 1814 recessit
470 1750 561 1814 doior
599 1751 673 1814 eius
728 1750 764 1812 Et
801 1750 911 1812 videns
949 1750 1009 1812 hoc
1046 1767 1111 1824 rex,
1150 1748 1313 1812 honoravit

263 1839 421 1902 heremitam
450 1840 529 1903 dans
558 1840 585 1902 ei
613 1857 741 1902 munera
772 1842 801 1901 et
830 1837 952 1902 mittens
979 1838 1081 1919 ipsum
1110 1836 1141 1899 in
1169 1854 1255 1917 pace;
1283 1840 1313 1899 et

263 1928 400 1991 mandavit
418 1928 566 2009 suspendi
582 1928 748 1991 aurificem.
781 1928 816 1990 Et
831 1928 892 1990 hoc
906 1933 951 1991 est
966 1926 1005 1991 de
1021 1946 1068 2005 eo,
1092 1926 1146 2007 qui
1163 1925 1313 1989 benefacit

223 2012 379 2095 vuingratis.

624 2147 674 2205 18.
712 2142 767 2222 [=
791 2141 820 2205 S.
846 2140 931 2220 sot]

339 2284 454 2348 Dicitur
476 2282 562 2365 quod
586 2288 718 2365 quatuor
741 2284 884 2347 homines
907 2284 1018 2365 pariter
1041 2283 1072 2345 in
1101 2283 1207 2347 itinere
1229 2300 1313 2347 asso·

263 2372 317 2434 ciati
339 2374 467 2450 fuerunt,
492 2391 626 2452 quorum
652 2391 733 2438 unus
756 2378 818 2437 erat
841 2373 924 2436 fitius
948 2372 1036 2453 regis,
1060 2373 1214 2436 secundus
1229 2372 1313 2436 filius

262 2463 430 2542 mercatoris,
461 2463 572 2526 tercius
596 2462 678 2527 fitius
700 2462 852 2544 generosi,
884 2467 913 2526 et
935 2466 998 2526 erat
1024 2462 1183 2542 speciosus
1210 2461 1312 2541 valde;

262 2557 374 2629 quartus
401 2571 475 2616 vero
507 2556 570 2615 erat
597 2553 694 2616 viator
720 2557 750 2616 et
777 2570 893 2616 cursor.
939 2552 1003 2626 Qui
1027 2570 1137 2616 omnes
1164 2552 1256 2615 simul
1281 2553 1312 2614 in

221 2640 354 2704 ouihnere
383 2646 601 2719 convenerunt,
633 2645 718 2705 erant
746 2646 847 2704 autem
879 2659 1029 2722 pauperes
1060 2641 1135 2704 nihil
1167 2641 1313 2706 habentes

262 2729 310 2791 nisi
331 2731 514 2796 vestimenta.
562 2732 689 2794 Etcum
713 2730 906 2794 ambularent
929 2749 984 2810 per
1005 2731 1095 2807 viam,
1126 2730 1204 2792 dixit
1230 2730 1313 2794 filius

261 2819 341 2898 regis:
363 2821 388 2883 Α
403 2820 509 2882 divina
524 2820 678 2883 voluntate
694 2820 799 2882 omnia
811 2819 1013 2900 predestinata
1028 2823 1115 2896 sunt,
1139 2818 1215 2881 dixit
1230 2819 1313 2883 filius

261 2909 461 2986 negociatoris:
487 2910 657 2972 intellectus
682 2909 851 2972 meliorest
874 2908 960 2971 omni
984 2927 1029 2986 re;
1053 2907 1131 2970 dixit
1149 2908 1263 2971 nobilis
1285 2913 1315 2972 et

260 2998 414 3074 speciosus:
429 2997 631 3060 Pulchritudo
643 3001 688 3060 est
700 2996 809 3060 melior
820 2997 887 3060 aliis
900 2997 1005 3075 rebus;
1018 2996 1094 3059 dixit
1102 2997 1211 3060 viator:
1223 2996 1313 3061 Solii·

220 3084 351 3149 uncitudo
374 3091 403 3150 et
425 3085 637 3166 promptitudo
662 3087 692 3148 in
718 3087 793 3167 ipsis
809 3087 946 3166 negociis
970 3086 1140 3151 meliorest
1161 3086 1247 3150 omni
1271 3105 1311 3150 re.

339 3176 374 3237 Et
395 3194 465 3239 cum
489 3175 667 3238 accederent
690 3194 788 3256 prope
810 3175 967 3256 quandam
987 3175 1145 3253 civitatem,
1169 3175 1315 3239 sederunt

260 3260 286 3322 in
306 3282 367 3327 uno
390 3265 460 3329 loco
484 3269 513 3328 et
539 3263 683 3327 dixerunt
713 3265 837 3328 viatori:
868 3264 954 3329 Vade
976 3269 1008 3327 tu
1032 3265 1086 3346 qui
1110 3265 1258 3328 sollicitus
1281 3284 1314 3329 es

260 3349 285 3412 in
306 3354 361 3416 tuis
384 3353 529 3433 negociis,
559 3359 588 3416 et
612 3371 743 3434 procura
766 3354 858 3416 nobis
881 3354 1068 3417 hodiernum
1093 3354 1209 3417 cibum.
1249 3354 1313 3428 Qui

260 3439 304 3504 ait:
331 3443 479 3507 Libenter.
526 3444 562 3505 Et
590 3443 747 3522 ingressus
770 3443 920 3509 civitatem
946 3443 998 3522 (et)
1028 3443 1219 3523 investigavit
1246 3442 1314 3505 diti-

219 3535 354 3606 urgenter
368 3531 490 3613 qualem
505 3531 641 3595 laborem
660 3531 784 3594 deberet
800 3550 939 3595 exercere
958 3551 1023 3612 quo
1036 3533 1161 3596 haberet
1171 3531 1313 3595 salarium

261 3619 335 3695 quod
357 3621 511 3684 sufficeret
533 3621 571 3683 ad
596 3621 678 3683 diem
703 3639 759 3702 pro
783 3621 862 3684 victu
887 3625 1020 3701 quatuor
1043 3621 1217 3684 hominum.
1254 3621 1314 3684 Cui

261 3723 430 3788 responsum
455 3715 507 3788 est,
532 3709 607 3773 nihil
633 3709 742 3773 melius
766 3703 941 3790 essequam
965 3715 1126 3791 apportare
1150 3710 1243 3790 ligna.
1280 3711 1315 3772 Et

260 3798 392 3862 acoedens
415 3798 454 3863 ad
478 3800 595 3877 silvam,
626 3797 697 3862 fecit
719 3799 778 3862 sibi
802 3799 950 3862 sarcinam
975 3818 1118 3879 magnam
1146 3798 1314 3862 necessaria

261 3901 309 3960 pro
330 3906 361 3950 se
382 3893 411 3952 et
433 3889 525 3952 sociis
548 3888 620 3965 suis,
651 3888 789 3951 scribens
812 3888 843 3950 in
873 3893 991 3968 portam
1016 3888 1142 3952 civitatis
1165 3888 1312 3968 quoniam

219 3973 302 4034 unvir
326 3978 440 4056 probus
468 3982 498 4040 et
527 3977 674 4040 sollicitus
705 3976 735 4039 in
764 3981 826 4039 arte
853 3994 910 4039 sua
940 3977 1071 4040 lucratus
1101 3982 1146 4040 est
1175 3995 1237 4040 una
1265 3976 1315 4039 die

262 4059 405 4128 denarium
429 4071 620 4146 argenteum.
660 4066 696 4128 Et
718 4066 807 4128 rediit
829 4065 868 4128 ad
892 4067 994 4130 socios
1016 4065 1070 4145 qui
1094 4066 1165 4129 cibo
1188 4070 1217 4128 et
1239 4069 1314 4145 potu

262 4151 351 4216 reiecti
373 4160 444 4218 sunt
467 4155 518 4218 illa
541 4155 600 4219 die.
637 4155 739 4218 Altera
762 4173 836 4218 vero
859 4154 911 4217 die
933 4155 1076 4217 dixerunt
1099 4154 1165 4217 filio
1188 4152 1315 4216 nobilis:

261 4237 335 4304 Vade
356 4248 383 4306 et
404 4250 455 4307 tua
480 4243 707 4326 pulchritudine
738 4261 870 4324 procura
899 4243 991 4306 nobis
1019 4242 1113 4306 hodie
1137 4241 1314 4304 necessaria.

285 4357 389 4416 Utrich,
412 4363 551 4409 Lateinische
564 4361 699 4407 Noveflistifr
712 4363 752 4406 das
767 4357 915 4405 Mittelalters.
1157 4363 1172 4411 5
