3525 5025
848 476 1067 533 ..70-

424 646 618 711 addiscerel·
654 647 694 711 at
716 647 773 710 illi:
800 647 943 715 „Bonum
961 652 1006 711 est
1020 648 1214 713 consilium.⁴‘
1252 647 1363 712 Statim
1379 662 1487 708 cemen-

424 737 517 801 tarios
539 735 761 812 conduxerunt,
785 754 937 799 cameram
961 737 1111 817 lapideam
1127 738 1271 801 iecerunt
1286 741 1317 800 et
1340 736 1372 797 in
1396 733 1489 796 medio

369 844 398 891 aa
426 826 536 890 lectum
565 826 653 906 pueri
680 829 860 907 posuemnt.
909 826 968 889 Per
998 844 1107 891 omnes
1138 844 1247 889 muros
1280 842 1404 888 camere
1427 822 1491 885 Mil.

424 920 503 979 artes
532 914 731 994 scripserunt,
762 914 850 995 quod
880 933 958 995 puer
987 916 1074 978 omni
1104 920 1246 995 tempore
1279 919 1437 992 tamquam
1465 911 1491 971 in

425 1004 505 1067 libro
532 1003 612 1067 clare
638 1004 808 1067 doctrinam
836 1021 925 1067 suam
955 1003 1060 1067 videre
1090 1009 1202 1085 posset.
1252 1002 1399 1083 Magistri
1428 1016 1495 1063 vero

424 1092 547 1171 oqttidie
569 1110 605 1156 ac
627 1094 699 1155 satis
721 1092 885 1173 diligenter
912 1092 999 1155 illum
1033 1094 1241 1157 instruxemnt
1272 1111 1333 1173 per
1362 1089 1495 1153 ordinem

425 1182 506 1247 bene
528 1200 583 1262 per
607 1182 681 1246 .Vll.
705 1199 813 1245 annos.
861 1181 968 1245 Finitis
991 1182 1064 1247 ‚Vll
1088 1183 1176 1245 annis
1200 1182 1284 1245 inter
1308 1198 1344 1244 sc
1368 1174 1497 1257 magistri

372 1290 412 1337 roo
426 1270 580 1333 dixerunt:
617 1271 760 1335 „Bonum
788 1275 834 1333 est
859 1274 892 1333 vt
919 1271 1105 1351 discipulum
1137 1276 1281 1335 nostrum
1309 1272 1498 1348 temptemus,

425 1358 589 1441 quomodo
620 1358 652 1422 in
683 1359 823 1422 doctrina
850 1363 955 1423 nostra
985 1360 1189 1441 profecisset.u
1246 1360 1352 1423 Aiunt
1384 1370 1499 1420 omnes:

429 1449 572 1515 „Bonum
595 1452 668 1511 estu
705 1448 756 1512 ait
779 1448 936 1511 Rantillas:
963 1450 1020 1515 „Et
1041 1450 1204 1529 quomodo
1228 1448 1412 1529 poterimus
1435 1460 1498 1507 eum

426 1538 599 1619 probarei¹¹
658 1536 710 1600 ait
747 1537 863 1601 Catho:
906 1539 995 1619 „ipso
1031 1538 1202 1601 dormiente
1242 1552 1410 1618 ponemus
1446 1530 1500 1595 sub

426 1626 566 1706 quolibet
587 1643 684 1689 comu
709 1626 776 1689 lecti
799 1645 895 1689 vnum
919 1627 1029 1690 folium
1053 1627 1143 1691 edere
1164 1632 1193 1690 et
1207 1632 1277 1690 ante
1306 1628 1424 1690 lectum
1440 1621 1501 1683 eius

372 1733 413 1779 ros
427 1714 584 1793 stabimus,
607 1732 773 1796 quousque
794 1733 813 1777 a
834 1733 971 1796 sompno
994 1717 1139 1779 excitatus
1161 1716 1287 1779 tueritl¹¹
1326 1714 1428 1777 Aiunt
1450 1708 1501 1770 illi:

429 1803 573 1870 ‚Bonum
596 1808 641 1867 est
663 1804 858 1867 consilium*¹
895 1804 999 1868 Statim
1024 1805 1092 1886 ipso
1116 1804 1289 1869 dormiente
1308 1803 1389 1867 tolia
1413 1814 1500 1881 posu·

426 1897 523 1957 erunt.
577 1892 659 1956 Cum
690 1911 765 1956 vero
794 1911 813 1955 a
841 1911 977 1974 sompno
1007 1894 1150 1957 excitatus
1181 1898 1256 1971 erat,
1288 1893 1377 1956 miro
1410 1885 1500 1951 modo

426 1982 553 2047 occulos
576 1982 607 2044 in
631 1983 836 2045 summitatem
852 2000 972 2045 camere
987 1983 1088 2046 erexit.
1126 1982 1263 2062 Magistri
1281 1984 1349 2046 hoc
1364 1978 1500 2043 videntes

426 2071 580 2135 dixerunt:
619 2071 788 2149 momine,
823 2089 886 2151 qua
917 2071 957 2134 de
989 2089 1078 2135 causa
1100 2071 1241 2135 ‘occulos
1274 2073 1323 2135 sic
1361 2064 1501 2147 superius
1586 2122 1587 2139 ,

372 2179 413 2224 no
428 2160 561 2241 erigis?a
610 2160 734 2224 Mille:
762 2160 897 2226 „Mirum
922 2165 1062 2225 nonest.
1110 2160 1171 2223 Aut
1193 2161 1360 2224 summitas
1385 2168 1500 2221 camere

427 2250 568 2312 inclinata
590 2255 643 2327 est,
672 2252 725 2311 aut
747 2253 825 2311 terra
851 2250 911 2313 sub
940 2268 990 2313 me
1012 2250 1127 2313 eleuata
1154 2254 1227 2313 est.u
1277 2246 1423 2330 Magistri
1448 2243 1500 2304 hec
1586 2280 1587 2313 r

426 2338 585 2401 audientes
614 2338 693 2401 inter
721 2356 755 2401 se
785 2338 940 2402 dixerunt:
974 2338 1024 2405 „si
1055 2357 1132 2419 puer
1161 2339 1216 2401 iste
1244 2339 1364 2415 vixerit,
1396 2329 1500 2412 aliquit

428 2427 531 2507 magni
555 2427 638 2491 eritu
680 2426 803 2489 interim
819 2431 970 2490 venerunt
992 2423 1142 2508 'sapientes
1164 2426 1202 2489 ad
1228 2428 1450 2508 imperatorem
1472 2420 1498 2480 et

427 2517 582 2580 dixerunt:
610 2516 775 2594 „Domine
799 2520 916 2579 tantum
940 2517 1063 2580 unicum
1087 2517 1187 2579 tilium
1205 2518 1307 2581 habes.
1347 2507 1498 2580 Possibile

373 2624 414 2669 us
429 2612 473 2670 est
496 2610 529 2668 ut
551 2607 710 2683 moriatur;
738 2609 767 2668 et
790 2605 861 2669 ideo
885 2607 1004 2670 bonum
1028 2612 1072 2670 est
1094 2624 1222 2669 uxorem
1245 2607 1396 2688 accipere,
1421 2598 1496 2681 quia,

426 2696 452 2759 si
476 2695 562 2758 XXX
585 2695 668 2760 tilios
684 2695 819 2773 haberes,
844 2699 932 2775 potes
948 2713 1057 2759 omnes
1072 2695 1111 2780 ad
1132 2694 1260 2758 diuicias
1278 2699 1493 2776 promouere·

428 2785 477 2847 Ait
507 2785 683 2864 imperator:
722 2785 786 2850 „Ex
816 2802 881 2863 quo
912 2785 955 2848 sic
985 2788 1041 2862 est,
1071 2784 1188 2864 querite
1218 2785 1312 2848 michi
1346 2782 1495 2863 virginem

427 2874 604 2951 formosam,
621 2891 811 2953 generosam,
828 2874 1006 2953 graciosam,
1020 2878 1049 2937 et
1060 2892 1125 2936 eam
1137 2873 1168 2935 in
1178 2891 1305 2936 uxorem
1318 2871 1494 2952 accipiam.l

429 2963 631 3026 Perrexerunt
653 2962 695 3025 illi
727 2981 780 3043 per
810 2981 904 3042 regna
931 2968 960 3026 et
982 2967 1085 3027 castra.
1133 2962 1271 3025 Tandem
1296 2963 1395 3026 tiliam
1421 2953 1498 3035 regis

373 3070 413 3116 rao
429 3052 552 3116 Castelli
576 3053 768 3128 inuenerunt,
792 3051 885 3115 nimis
908 3052 1075 3133 pulchram,
1100 3069 1191 3131 quam
1215 3050 1254 3113 ad
1279 3050 1495 3132 imperatorem

427 3141 590 3205 duxerunt.
626 3143 799 3222 imperator,
824 3158 894 3204 cum
912 3160 977 3204 eam
995 3141 1127 3217 vidisset,
1151 3144 1257 3220 captus
1273 3141 1366 3204 estin
1384 3132 1497 3204 occulis

427 3229 503 3308 eius,
527 3231 558 3292 in
582 3234 699 3293 tantum
715 3230 801 3310 quod
826 3229 930 3294 omnis
950 3230 1042 3294 dolor
1065 3230 1124 3309 (Βί.
1144 3229 1251 3308 139ν.)
1277 3230 1378 3309 prime
1395 3222 1496 3293 uxoris

428 3319 558 3382 recessit.
615 3319 718 3383 Ambo
752 3320 791 3382 ad
827 3319 960 3382 inuicem
995 3318 1048 3381 diu
1083 3319 1224 3381 vixerunt
1257 3323 1286 3380 et
1321 3312 1496 3400 imperatrix

427 3408 589 3489 concipere
613 3426 677 3471 non
706 3409 811 3489 potuit,
843 3425 938 3488 quare
966 3408 1095 3471 multum
1124 3406 1366 3470 contristabatur.
1416 3405 1494 3470 Cum

428 3585 459 3648 in
484 3585 664 3666 longinquis
685 3588 822 3668 partibus
838 3605 908 3649 cum
927 3588 998 3652 ,Vll
1014 3586 1203 3667 sapientibus
1224 3584 1263 3647 ad
1288 3586 1494 3662 nutriendum,

428 3674 674 3754 doctriuandum,
699 3676 778 3739 intra
799 3694 833 3740 se
856 3676 1019 3757 cogitabat:
1059 3675 1109 3742 „si
1134 3675 1184 3738 ille
1207 3673 1345 3737 exinctus
1367 3679 1449 3739 esset
1470 3671 1496 3732 et

428 3780 488 3842 ego
511 3764 611 3827 tilium
636 3765 789 3842 haberem,
813 3765 898 3828 tilius
922 3783 1009 3829 meus
1033 3766 1120 3828 heres
1144 3768 1251 3827 esset.¹¹
1295 3763 1343 3826 Ab
1367 3764 1423 3826 illo
1448 3761 1496 3824 die

428 3852 588 3930 cogitabat,
620 3853 782 3933 quomodo
809 3853 910 3916 tilium
943 3855 1115 3918 interimere
1138 3857 1251 3934 posset.
1296 3851 1415 3915 Accidit
1439 3866 1495 3916 vna

375 3959 416 4004 uo
432 3943 520 4005 nocte
554 3942 654 4019 quod,
689 3959 759 4004 cum
795 3942 961 4021 imperator
991 3944 1022 4006 in
1055 3947 1148 4006 stratu
1178 3959 1237 4006 suo
1268 3941 1419 4019 iacuisset,
1458 3939 1496 4004 ait

430 4028 624 4110 imperatrici:
660 4029 816 4094 „Domina
844 4029 1010 4108 karissima,
1044 4032 1103 4095 iarn
1132 4034 1281 4094 secretum
1309 4029 1412 4093 cordis
1437 4027 1494 4093 mei

429 4118 484 4183 tibi
507 4117 650 4199 aperiam.
690 4117 771 4182 Scire
795 4118 890 4183 debes
914 4120 1000 4197 quod
1025 4137 1089 4183 non
1114 4122 1158 4180 est
1180 4123 1316 4182 creatura
1338 4119 1397 4181 sub
1421 4121 1493 4194 celo,

430 4227 522 4289 quam
547 4207 645 4288 magis
673 4206 799 4286 diligam
823 4222 915 4283 quam
940 4210 996 4267 te.u
1044 4207 1084 4268 M
1106 4206 1168 4267 illa:
1203 4207 1368 4283 „Domine
1399 4207 1425 4270 si
1453 4209 1494 4272 sic

374 3514 415 3560 raa
429 3514 503 3559 vero
526 3497 660 3562 audisset
682 3498 769 3577 quod
786 3498 952 3577 imperator
974 3501 1089 3561 tantum
1107 3496 1230 3560 unicum
1247 3495 1347 3559 tilium
1367 3492 1497 3561 habebat
