3525 5025
821 485 1066 544 -178-

409 657 480 739 plus
502 661 606 739 posset
620 657 648 721 ei
663 656 764 720 valere
786 674 880 737 quarn
905 674 1002 720 unum
1027 675 1167 737 regnum.
1196 658 1326 737 Juvenis,
1350 661 1465 721 mortuo

409 751 501 828 patre,
539 763 593 810 rex
626 745 821 822 luitfredus,
859 746 954 810 verba
985 745 1039 810 ista
1073 747 1194 827 scripsit
1224 747 1256 809 in
1285 748 1404 823 mensis,
1436 747 1466 808 in

354 853 396 900 no
411 835 531 916 mappis
557 839 587 899 el
615 835 770 916 mappulis
799 839 829 897 et
855 834 887 897 in
918 835 986 898 aliis
1016 835 1108 898 rebus
1139 836 1193 899 ubi
1225 840 1346 918 poterat
1390 835 1467 899 Cum

407 930 509 988 autern
547 925 682 989 barones
716 923 783 1003 ejus
822 923 1049 1005 conspirassent
1083 929 1189 988 contra
1218 943 1302 1002 eum,
1341 926 1469 988 leeemnt
1597 921 1598 939 ,

409 1017 530 1096 pecuum
552 1031 624 1077 cunr
648 1013 863 1076 barbitonsore
894 1011 961 1092 ejus
984 1012 1070 1093 quod
1094 1031 1165 1076 eum
1190 1013 1347 1079 occideret
1392 1013 1468 1077 Cum

407 1107 509 1166 autem
541 1101 601 1166 hoc
629 1101 720 1165 vellet
750 1101 849 1166 iaoere
877 1105 909 1164 et
945 1100 1036 1165 vellet
1073 1101 1214 1166 iaciendo
1254 1103 1378 1166 barbam
1408 1101 1469 1180 ejus

408 1195 514 1270 gultur
534 1194 701 1272 amputare,
731 1190 805 1270 legit
826 1190 974 1271 seriptum
1006 1191 1093 1271 quod
1120 1192 1238 1254 eratin
1268 1191 1418 1272 mappula,
1444 1195 1471 1254 et

354 1299 396 1345 ns
411 1278 523 1360 inoepil
551 1285 682 1360 stupere,
711 1279 843 1342 tremere
872 1284 903 1342 et
930 1283 1072 1344 tremere:
1107 1280 1194 1360 quod
1226 1299 1279 1344 rex
1308 1281 1470 1355 advertens,

408 1369 480 1432 iecit
505 1387 577 1433 eurn
608 1368 703 1432 teneri
733 1372 763 1432 et
789 1385 900 1448 urgere
930 1385 1030 1449 usque
1059 1368 1134 1431 dum
1166 1370 1321 1433 veritatem
1352 1369 1471 1443 diceret;

408 1458 463 1538 qui
486 1458 660 1540 proditores
682 1475 758 1522 suos
779 1456 851 1520 iecit
872 1457 949 1539 capi,
972 1461 1002 1521 et
1025 1457 1091 1538 ipse
1106 1477 1123 1521 a
1140 1463 1239 1522 morte
1262 1459 1406 1524 liberatus
1423 1461 1471 1520 est.

409 1547 480 1611 Hoc
501 1547 677 1628 exemplum
702 1545 884 1627 predicabat,
916 1550 950 1609 ut
975 1546 1089 1625 audivi,
1120 1547 1211 1611 irater
1233 1548 1351 1629 Symon
1375 1545 1473 1628 pueris

407 1635 448 1700 de
472 1637 606 1700 Bruelio.

809 1785 838 1840 4.
885 1776 994 1858 1=s
1019 1779 1080 1860 aa]

354 1919 395 1967 rto
498 1903 636 1978 Quidam
660 1903 748 1966 miles
771 1902 989 1967 devotissimus
1012 1902 1070 1966 luit
1092 1903 1123 1966 in
1141 1904 1267 1968 Francia
1290 1905 1354 1985 qui,
1377 1905 1408 1968 in
1427 1902 1473 1964 die

408 1991 532 2070 Natalis,
562 1993 700 2072 cogitans
723 1992 756 2055 in
779 1991 935 2055 matutinis
962 1990 1002 2054 de
1031 1991 1161 2056 infancia
1185 1993 1315 2057 Domini
1337 1999 1370 2058 et
1391 1996 1472 2074 partu

407 2081 556 2162 virgineo,
580 2083 611 2144 in
635 2086 752 2144 tantum
775 2099 935 2145 excessum
958 2081 1082 2159 amoris,
1106 2085 1139 2144 ut
1161 2081 1274 2162 audivi,
1299 2088 1403 2164 raptus
1424 2083 1472 2156 esi,

407 2170 494 2252 quod
517 2169 679 2234 videbatur
701 2189 773 2234 eum
797 2171 910 2233 habere
930 2188 985 2252 pre
1015 2170 1120 2247 oculis,
1152 2175 1181 2234 et
1208 2171 1350 2235 clamaret
1373 2170 1473 2252 gallice

407 2277 510 2324 coram
545 2259 706 2337 omnibus,
741 2259 852 2324 iterans
881 2263 912 2322 et
941 2259 1067 2323 iterans:
1107 2259 1247 2324 „Bercies
1279 2261 1411 2324 l'enlant
1424 2309 1430 2324 .
1444 2271 1470 2321 .‘

354 2366 395 2412 rao
499 2348 637 2423 Quidam
676 2349 804 2413 clericus
841 2349 998 2426 secularis,
1042 2349 1074 2410 in
1113 2348 1246 2428 quadam
1286 2349 1473 2414 neccessitate

407 2437 533 2519 positus,
564 2443 599 2501 ut
626 2437 731 2501 audivi
761 2437 801 2501 ab
829 2437 949 2515 eodem,
981 2437 1066 2501 vovit
1090 2437 1159 2500 Deo
1188 2442 1218 2502 et
1248 2437 1335 2502 beate
1358 2435 1473 2519 Virgini

407 2528 494 2609 quod
516 2528 644 2591 serviret
665 2528 694 2590 ei
717 2528 749 2590 in
774 2527 933 2608 religione.
964 2526 1046 2591 Cum
1069 2531 1170 2590 autem
1196 2528 1319 2592 intraret
1335 2529 1472 2593 ordinem

408 2616 638 2681 predicatorum
670 2621 699 2680 et
728 2616 861 2697 graviter
894 2620 1098 2697 temptaretur,
1138 2622 1338 2681 consueverat
1373 2616 1474 2681 venire

407 2723 509 2769 coram
549 2706 693 2786 ymagine
732 2707 819 2769 beate
857 2705 994 2786 Virginis
1035 2704 1074 2767 ad
1113 2706 1303 2785 oracionem;
1343 2708 1401 2785 ibi,
1437 2702 1472 2767 ad

352 2814 393 2861 rao
408 2794 589 2858 memoriam
614 2794 746 2858 infancie
769 2794 941 2873 Salvatoris,
965 2798 1165 2859 consueverat
1181 2796 1315 2877 recipere
1338 2794 1474 2860 consola·

406 2885 520 2948 tiones.
565 2883 752 2965 Aliquando,
782 2901 863 2961 cum,
885 2883 985 2947 victus
1011 2884 1224 2964 temptacione,
1252 2885 1371 2949 occulte
1400 2901 1472 2948 rece-

405 2972 491 3037 deret
513 2977 542 3036 et
563 2973 691 3053 lugeret,
714 2972 859 3053 cogitavit
881 2972 968 3053 quod
993 2990 1057 3037 non
1080 2977 1236 3054 acceperat
1258 2974 1416 3038 licenciam
1438 2972 1473 3035 ab

406 3061 457 3124 illa
479 3062 636 3143 ymagine:
669 3061 752 3125 unde
780 3080 929 3140 reversus,
962 3062 1049 3127 llexis
1076 3062 1217 3142 genibus,
1249 3062 1370 3127 dicebat
1392 3059 1473 3144 quod

406 3168 471 3214 non
507 3154 625 3232 poterat
657 3152 735 3214 ultra
770 3152 884 3214 morari
915 3151 967 3229 ibi,
1005 3156 1036 3215 et
1070 3150 1187 3215 vadens
1222 3152 1352 3216 osculari
1385 3151 1474 3235 pedes

352 3255 393 3303 aaa
407 3240 567 3320 ymaginis,
601 3245 630 3304 et
658 3240 745 3321 pueri
773 3244 802 3303 et
830 3240 918 3304 beate
941 3240 1077 3321 Virginis
1099 3240 1281 3322 accipiendo
1311 3240 1472 3314 licenciam,

405 3329 495 3392 tantis
518 3329 651 3393 lacrimis
665 3328 725 3391 luit
739 3328 882 3410 pertusus
903 3332 932 3393 et
947 3330 1056 3409 gracia,
1080 3330 1167 3409 quod
1191 3330 1230 3393 ita
1253 3330 1385 3394 omnino
1409 3330 1474 3412 post

406 3418 528 3482 recessit
558 3418 610 3481 illa
638 3417 809 3499 temptacio,
840 3418 925 3498 quod
958 3436 1016 3499 pro
1046 3423 1111 3483 loto
1141 3419 1262 3483 mundo
1285 3437 1349 3483 non
1373 3420 1473 3483 exiret.

805 3561 833 3625 s.
880 3560 934 3639 [=
959 3559 988 3625 s.
1014 3560 1075 3640 aa]
1162 3596 1163 3599 κ

494 3684 608 3748 Audivi
625 3684 711 3767 quod
728 3684 855 3765 quidam
881 3702 1013 3765 magnus
1035 3686 1162 3749 clericus
1185 3686 1358 3765 predicator
1379 3683 1473 3750 crucis

407 3774 467 3838 hoc
489 3773 672 3854 predicabat,
696 3773 783 3854 quod
807 3774 919 3854 legitur
942 3774 973 3838 in
997 3775 1133 3855 hystoria
1155 3774 1267 3852 Arturi,
1295 3774 1381 3855 quod
1405 3791 1473 3839 con-

352 3861 540 3929 insuetudo
563 3863 630 3942 ejus
653 3867 716 3926 erat
738 3863 825 3943 quod
856 3863 1018 3927 differebat
1048 3863 1210 3927 comedere
1237 3880 1401 3944 quousque
1423 3862 1470 3926 ali·

406 3952 483 4033 quid
513 3969 630 4015 novum
662 3955 692 4014 et
720 3952 860 4015 mirabile
890 3953 1007 4015 veniret
1036 3952 1075 4015 ad
1106 3952 1221 4016 curiam
1251 3969 1348 4015 suam.
1394 3950 1473 4016 Cum

405 4044 507 4105 autem
542 4044 711 4122 expectaret
746 4040 814 4123 hoe,
849 4058 919 4103 ecce
953 4041 1039 4105 navis
1071 4042 1204 4121 quedam
1234 4040 1382 4121 applicuit
1411 4041 1474 4105 sine

405 4130 611 4208 gubernatore
644 4133 674 4192 et
707 4127 843 4194 ductore.
891 4129 1038 4193 Mirantes
1071 4135 1102 4193 et
1138 4134 1345 4195 occurrentes.
1365 4129 1474 4192 milites

405 4218 588 4278 invenerunt
610 4217 641 4277 in
667 4216 736 4277 navi
761 4216 813 4277 illa
836 4216 963 4277 militem
988 4216 1030 4278 ibi
1052 4218 1210 4296 jacentem,
1233 4217 1427 4282 vulneratum
1447 4220 1475 4281 el
