3525 5025
732 509 931 566 ..7-

376 698 404 744 aa
428 681 512 743 Luce
536 679 639 744 virum
664 680 743 743 clara
766 679 904 761 spolians
927 680 1094 748 Ramnusia
1117 681 1234 761 pernix,

476 770 557 832 Nam
580 769 650 834 vitis
672 768 784 834 fronde
807 770 927 849 stringit
949 787 1016 832 eam
1040 770 1179 849 graviter.

431 858 463 923 Ο
486 857 544 921 dea
567 876 657 921 coeca
680 858 781 937 nimis,
804 876 824 922 0
849 862 1020 922 monstrum
1044 858 1181 923 criminis
1203 859 1263 937 alti,

476 948 583 1011 Nubis
606 946 724 1027 grande
746 947 845 1011 scelus
867 947 947 1026 justa
970 946 1140 1027 premendo
1163 966 1264 1028 grave.

432 1036 499 1100 Cur
522 1036 637 1117 premis
661 1035 852 1114 lleinricum
876 1036 1038 1100 exaltando
1061 1037 1242 1101 Neronem?

264 1202 268 1211 γ
380 1144 408 1190 so
477 1125 544 1189 Cur
566 1125 732 1189 moechum
756 1126 854 1188 salvas
878 1126 968 1203 hunc,
992 1124 1157 1206 spoliando
1181 1126 1282 1189 virum

433 1215 563 1279 Lumine
586 1219 742 1295 quassato;
766 1214 858 1278 dolor
881 1214 991 1294 ingens
1012 1219 1137 1277 anxerat
1160 1214 1256 1277 illum.

476 1304 620 1368 Vinctum
646 1302 758 1382 linquit
779 1303 978 1367 accelerando
1001 1304 1141 1367 domum.

433 1395 489 1457 lste
512 1394 611 1457 vibrat
634 1392 758 1470 bifores,
782 1394 947 1456 moechum
972 1392 1071 1456 lodice
1093 1393 1211 1474 grabati

478 1484 562 1545 llaec
584 1482 689 1546 condit
711 1482 814 1545 valvas
837 1480 943 1562 pandit
967 1485 997 1544 et
1018 1482 1069 1544 illa
1091 1481 1168 1545 viro.

382 1590 410 1637 aa
435 1571 533 1652 lpsius
557 1571 671 1634 reditus
694 1588 816 1634 causam
840 1570 990 1651 quaesivit
1012 1575 1041 1634 et
1064 1570 1114 1633 ille

477 1659 598 1724 Ordine
621 1678 685 1723 rem
710 1660 854 1741 referens,
878 1660 952 1723 haec
975 1659 1175 1739 lacrimasque
1198 1660 1285 1741 pluit

433 1751 519 1812 llaec
540 1752 635 1812 astuta
659 1748 751 1813 nimis
776 1748 918 1812 Paridem
942 1748 1057 1812 salvare
1079 1749 1239 1830 cupiscens

477 1837 600 1917 Cogitat
622 1842 650 1901 et
673 1837 812 1901 fraudem
837 1838 948 1918 reperit
971 1837 1021 1900 illa
1043 1838 1112 1901 cito.

432 1926 525 2006 ,Proh
549 1925 640 1990 dolor
663 1926 755 1989 unius
778 1944 887 1991 vereor
910 1925 996 2006 quod
1021 1925 1140 1990 laedere
1162 1931 1254 2007 queat

383 2037 409 2081 το
478 2017 550 2079 Non
574 2016 695 2079 modica
718 2019 802 2096 peste
825 2015 949 2094 lumen,‘
970 2015 1018 2094 ait,
1042 2015 1214 2095 ,reliquum

432 2106 575 2184 Namque
597 2123 722 2185 gregem
747 2108 839 2167 totam
861 2104 1030 2185 corrumpit
1053 2104 1197 2168 morbida
1219 2104 1337 2182 balans;

477 2193 537 2257 Sus
560 2194 676 2257 linione
698 2212 755 2257 sua
777 2193 881 2257 foedat
902 2212 995 2275 apros
1019 2194 1164 2273 reliquos.

433 2282 561 2363 Saepius
583 2282 695 2360 audivi,
719 2282 806 2363 quod
830 2283 923 2346 verba
948 2283 1033 2346 beata
1057 2282 1195 2363 vigerent

478 2372 617 2450 Tantum,
642 2372 727 2451 quod
752 2370 866 2435 crudus
890 2371 973 2435 ensis
995 2390 1066 2434 eum
1092 2371 1209 2434 habeat.

384 2481 410 2528 an
435 2461 493 2525 llis
515 2460 554 2525 de
578 2478 657 2542 pane
679 2478 750 2525 caro
773 2460 888 2525 Christi
912 2461 947 2525 lit
969 2461 1090 2541 viteque
1114 2460 1251 2541 sanguis;

479 2551 616 2614 Placatur
639 2551 726 2614 Deus
749 2550 821 2614 hinc
844 2551 965 2632 cogitur
987 2550 1121 2631 hincque
1145 2550 1245 2615 Satan.

435 2641 517 2719 Ergo
539 2645 626 2703 tuum
652 2639 756 2702 lumen
781 2640 908 2703 sacrabo
931 2640 1067 2703 carmine
1091 2639 1145 2703 dio

478 2730 563 2792 Neve
586 2729 705 2792 bonum
730 2729 876 2806 maculet‘,
899 2730 1039 2808 junxerat
1062 2746 1160 2808 osque
1183 2745 1285 2792 suum.

433 2818 544 2881 Taliter
566 2821 598 2881 ut
621 2821 725 2898 posset
747 2817 855 2881 oculos
878 2816 1064 2882 concludere
1086 2817 1193 2898 sponsi

383 2927 410 2974 ao
478 2907 560 2970 lllnc
582 2907 720 2971 oculum-
734 2907 847 2984 lambit,
872 2907 990 2987 quaerit
1013 2911 1042 2970 et
1064 2906 1115 2970 ille
1138 2907 1253 2986 fugam.

434 2996 567 3060 Moecho
590 2996 718 3059 salvato:
743 2997 845 3073 ,Nunc
867 3014 967 3076 spero,
992 2995 1117 3059 Christo
1141 2995 1268 3073 lavente,

476 3085 618 3166 Amplius
642 3085 717 3148 haec
737 3085 817 3148 acies
841 3103 905 3149 non
928 3085 1138 3166 scrupuletur‘,
1161 3085 1210 3147 ait.

432 3175 521 3253 ,Nam
545 3175 638 3238 sacris
660 3174 763 3237 verbis
785 3175 899 3237 sacravi
921 3174 1064 3255 pluribus
1086 3174 1177 3253 illam,

477 3263 580 3337 Quam
604 3263 719 3327 salvare
743 3267 834 3343 queat
856 3263 957 3326 sidera
981 3262 1060 3326 clara
1083 3264 1182 3344 polus.

383 3387 409 3433 35
433 3351 554 3416 Omnes
578 3352 664 3416 istius
687 3351 810 3416 fraudes
832 3352 944 3430 audite,
969 3353 1125 3416 studentes

477 3442 525 3504 Ne
547 3459 605 3505 vos
627 3441 752 3505 seducat
774 3441 890 3504 femina
913 3442 1071 3522 nugigera.

432 3531 525 3593 Thais
547 3549 653 3594 amore
675 3535 763 3607 caret,
786 3530 892 3610 juveni
915 3549 979 3595 non
1003 3536 1101 3594 servat
1123 3548 1275 3607 amorem;

433 3619 511 3682 Fisci
535 3619 627 3682 bonis
650 3619 731 3699 viget
754 3619 804 3682 hic
826 3624 917 3699 teque
940 3624 1060 3683 carente
1083 3620 1169 3700 perit.

735 3762 874 3853 Fabula
898 3763 945 3826 lV.

432 3885 486 3949 Vir
509 3885 585 3948 lucri
609 3885 740 3967 cupidus
764 3887 956 3966 longinquos
978 3886 1072 3949 currit
1094 3884 1132 3948 ad
1158 3884 1263 3961 lndos;

384 4015 411 4062 90
479 3975 539 4038 llic
561 3993 641 4039 uxor
663 3979 741 4038 casta
763 3980 870 4038 vernat
891 3979 1015 4054 eratque
1039 3975 1097 4055 pla.

434 4064 523 4126 llanc
544 4065 646 4128 socrui
670 4068 767 4127 castae
789 4065 943 4127 commisit
966 4068 995 4126 et
1018 4064 1089 4126 inde
1113 4061 1238 4140 recedit;

479 4153 564 4216 llaec
586 4153 714 4217 Veneris
737 4152 813 4217 ludo
837 4153 944 4233 nequit
965 4171 1056 4232 egere
1078 4149 1143 4214 diu.

435 4239 615 4305 Caeruleam
640 4242 746 4304 lactem
770 4242 876 4305 Venus
901 4241 972 4304 huic
994 4239 1132 4320 depinxit
1154 4243 1183 4301 et
1206 4238 1273 4318 ejus
