3525 5025
711 529 950 592 -155-

298 704 412 767 mittam
424 709 452 768 te
463 706 575 770 abire.’'
589 705 651 768 Cui
660 705 907 787 phylomenaait:
923 707 1122 787 „Numquam
1131 706 1362 788 apprehendere

250 811 274 854 ao
297 795 416 857 coneris
431 812 491 874 que
501 795 736 875 apprehendere
748 813 810 858 non
824 795 924 876 possis
936 799 965 859 et
977 814 1135 877 nunquam
1149 797 1188 858 de
1200 814 1233 858 re
1245 795 1362 876 perdita

295 881 408 961 doleas,
431 902 524 962 quarn
541 901 721 964 recuperare
745 901 886 964 nequeas,
910 888 939 948 et
956 886 1053 949 verbo
1077 884 1247 949 incredibili
1272 903 1361 948 num-

295 989 387 1050 quam
412 973 505 1035 lidem
528 972 704 1036 adhibeas‘¹
735 973 804 1036 iliis
825 973 945 1052 auditis,
976 991 1043 1036 eam
1065 974 1187 1038 avolare
1216 973 1361 1055 permisit

294 1060 382 1124 Tunc
389 1062 578 1142 phylomena
588 1061 698 1125 volens
705 1080 775 1124 eum
786 1062 917 1143 probare
928 1063 981 1126 ait:
1001 1063 1051 1128 „O
1064 1063 1164 1140 miser,
1177 1063 1252 1143 quid
1265 1062 1360 1126 iecisti

294 1150 367 1228 quia
388 1169 438 1212 me
461 1150 614 1214 dimittere
640 1150 772 1228 voluisti,
800 1151 902 1215 habeo
925 1152 957 1213 in
985 1151 1153 1216 visceribus
1180 1151 1257 1216 meis
1281 1169 1359 1215 mar-

245 1253 270 1299 u
293 1239 418 1317 garitam
448 1258 511 1319 que
540 1239 592 1302 ovi
622 1240 797 1303 structionis
823 1239 942 1303 excedit
971 1240 1241 1320 magnitudinem·
1291 1241 1362 1304 tioc

292 1328 421 1391 audiens
436 1329 630 1391 contristatus
644 1333 690 1391 est
704 1328 793 1391 valde
808 1332 838 1392 et
852 1347 919 1392 eam
935 1330 1166 1410 apprehendere
1182 1329 1356 1393 conabatur.

293 1414 333 1477 At
348 1416 411 1479 illa:
439 1418 553 1482 „Nunc
574 1418 708 1497 cognovi
732 1417 896 1481 fatuitatem
913 1423 994 1481 tuam
1012 1437 1049 1481 ex
1067 1419 1153 1498 quod
1171 1423 1200 1482 et
1222 1418 1360 1482 doctrina

292 1523 360 1568 mea
382 1507 476 1569 nichil
501 1507 671 1586 proiecisti;
696 1507 816 1570 conaris
832 1525 882 1570 me
897 1508 1159 1588 comprehendere
1174 1526 1244 1570 curn
1262 1507 1359 1570 itinen'

293 1612 362 1658 meo
378 1614 443 1658 non
462 1595 563 1675 possis
579 1614 713 1676 pergere,
729 1595 818 1658 doles
832 1596 872 1658 de
892 1615 924 1659 re
940 1596 1056 1676 perdita
1072 1615 1164 1677 quam
1182 1614 1360 1676 recuperare

244 1698 269 1742 oo
293 1700 356 1746 non
372 1689 470 1764 potes.
502 1684 612 1747 Credis
628 1685 659 1746 in
675 1685 844 1748 visceribus
863 1685 940 1748 meis
956 1703 1022 1749 esse
1038 1685 1230 1765 margaritam
1247 1686 1360 1748 ventris

293 1774 352 1834 mei
374 1772 574 1836 excedentem
599 1791 783 1851 mensuram,
806 1791 876 1836 cum
894 1792 953 1855 ego
968 1778 1030 1838 tota
1052 1775 1091 1837 ad
1116 1791 1290 1838 mensuram
1308 1773 1359 1838 ovi

292 1863 468 1925 structionis
503 1862 673 1943 pertingere
704 1880 768 1925 non
800 1864 945 1943 possim.¹¹
994 1863 1045 1927 Sic
1074 1863 1146 1926 latui
1182 1868 1211 1926 et
1241 1863 1359 1944 decepti

293 1951 423 2014 scolares
462 1951 649 2030 quibusdam
684 1951 819 2015 fantasiis
857 1956 886 2015 et
916 1952 1149 2016 incredibilibus
1179 1952 1274 2015 iidem
1306 1953 1359 2015 ad·

293 2039 397 2104 hibent
419 2059 492 2120 que,
514 2045 659 2121 tanquam
675 2040 786 2104 frivola
806 2040 948 2104 irrisione
970 2040 1072 2120 digna,
1096 2041 1195 2104 statim
1216 2059 1359 2122 respuere

244 2128 480 2192 redebuissent

679 2263 707 2316 4.
744 2254 797 2334 [ε
823 2254 882 2317 uo.
909 2253 972 2334 ss]

378 2395 494 2458 Audivi
517 2394 557 2457 de
572 2395 709 2474 quodam
732 2394 835 2474 judice
852 2395 960 2475 iniquo
980 2400 1009 2458 et
1023 2395 1132 2474 venali,
1156 2413 1226 2458 cum
1243 2414 1360 2477 pauper

293 2483 472 2547 muliercula
500 2484 663 2564 jussuum
697 2485 736 2549 ab
768 2484 837 2565 ipso
868 2484 1008 2565 optinere
1039 2502 1102 2549 non
1133 2485 1253 2563 valeret,
1284 2485 1360 2549 dixit

293 2574 417 2653 quidam
435 2573 570 2636 mulieri:
596 2573 712 2653 „ludex
736 2575 790 2637 iste
813 2573 881 2637 talis
904 2574 1067 2653 estquod,
1091 2574 1149 2637 nisi
1166 2592 1276 2637 manus
1292 2575 1358 2654 ejus

293 2667 477 2743 unguantur,
508 2680 668 2743 nunquam
699 2664 738 2727 ab
769 2663 837 2743 ipso
867 2663 987 2743 iusticia
1014 2663 1197 2744 optinetur.n
1246 2664 1359 2727 Mulier

246 2766 269 2811 ro
291 2758 390 2815 autern
415 2752 601 2832 simpliciter,
624 2756 653 2815 et
667 2752 706 2813 ad
723 2752 850 2814 litteram
867 2752 953 2831 quod
974 2752 1024 2815 ille
1039 2752 1155 2816 dixerat
1178 2752 1358 2833 intelligens,

292 2859 360 2903 cum
384 2840 537 2920 sagimine
562 2858 618 2903 seu
648 2844 740 2904 uncto
771 2841 899 2921 porcino
930 2841 969 2904 ad
999 2842 1216 2906 consistorium
1248 2841 1359 2921 iudicis

290 2930 446 3006 accedens,
485 2930 602 2992 cunctis
636 2929 820 3008 videntibus,
859 2948 985 2993 manum
1023 2930 1089 3010 eius
1124 2948 1240 3011 ungere
1271 2932 1359 3012 cepit.

163 3036 164 3049 ¹
291 3018 371 3081 Cum
387 3023 489 3081 autem
506 3022 646 3098 quereret
659 3019 766 3097 judex:
785 3019 925 3096 „Mulier
942 3019 1018 3099 quid
1035 3019 1148 3083 lacis?¹‘
1177 3018 1358 3101 Respondit:

293 3107 460 3185 „Domine
476 3106 591 3170 dictum
607 3113 653 3171 est
668 3107 743 3170 mihi
760 3107 841 3187 quia,
858 3108 916 3171 nisi
937 3126 1047 3172 manus
1062 3114 1177 3173 vestras
1192 3110 1357 3187 unxissem,

163 3249 164 3262 ,
243 3210 266 3256 u
291 3196 439 3275 justiciam
463 3215 482 3259 a
504 3197 595 3259 vobis
617 3197 765 3275 consequi
790 3214 853 3260 non
874 3213 1027 3278 possem.‘⁴
1076 3199 1115 3261 nt
1138 3198 1187 3260 ille
1211 3199 1359 3262 contusus

164 3307 165 3341 ι
291 3285 412 3350 erubuit
435 3303 474 3349 eo
497 3286 584 3365 quod
606 3286 646 3349 ab
669 3285 816 3349 omnibus
840 3290 995 3350 notaretur
1017 3290 1046 3349 et
1069 3287 1252 3350 irrideretur.
1294 3288 1359 3353 Vos

290 3380 399 3453 autem,
423 3374 531 3437 tratres
553 3374 712 3452 karissimi,
735 3374 846 3437 sivein
865 3375 1033 3454 judicando
1049 3376 1113 3440 sive
1130 3377 1161 3439 in
1177 3376 1358 3441 advocando

290 3464 386 3527 taliter
408 3482 467 3527 vos
491 3463 625 3527 habeatis
648 3464 734 3542 quod
758 3463 798 3525 de
820 3465 934 3528 talento
949 3465 1040 3529 vobis
1062 3466 1230 3529 commisso
1253 3483 1359 3529 secure

291 3555 438 3617 rationem
472 3551 599 3615 reddere
633 3553 756 3615 valeatis
789 3571 893 3616 coram
929 3572 1054 3618 summo
1084 3555 1186 3634 iudice
1219 3555 1358 3618 Domino

240 3658 267 3703 eo
291 3647 396 3706 nostro
421 3689 429 3706 .
455 3689 462 3702 .
486 3690 524 3703 ..

677 3768 706 3831 5.
743 3765 796 3845 [--
820 3768 880 3830 Νο.
905 3766 968 3847 42]

387 3908 532 3988 Legimus
574 3907 614 3974 de
656 3907 793 3987 quodam
836 3928 908 3988 rege
950 3909 1086 3990 sapiente
1129 3910 1183 3990 qui
1221 3928 1358 3990 semper,

290 3999 418 4078 quando
433 3998 548 4060 curiam
564 3998 692 4075 tenebat,
714 3997 782 4060 aliis
803 3998 1008 4077 gaudentibus
1035 3999 1101 4079 ipse
1123 4016 1245 4078 semper
1267 3997 1359 4060 tristis

289 4087 466 4169 apparebat
505 4104 611 4150 verum
651 4092 680 4149 et
714 4086 823 4149 milites
861 4087 928 4167 ejus
966 4087 1206 4164 murmurabant,
1244 4086 1298 4149 sed
1330 4085 1358 4148 ei

288 4176 391 4240 dicere
428 4192 493 4238 non
526 4174 688 4238 audebant.
741 4175 879 4238 Tandem
919 4176 1044 4255 quidam
1080 4176 1172 4237 irater
1207 4174 1285 4253 ejus,
1321 4192 1358 4235 ex
1468 4202 1471 4209 ·

241 4281 266 4327 u
289 4265 404 4329 lidueia
438 4282 550 4344 magna
583 4282 676 4344 quam
706 4264 838 4327 habebat
870 4264 910 4326 ad
945 4282 1058 4343 regem,
1088 4263 1220 4342 quesivit
1249 4262 1289 4324 ab
1320 4278 1357 4323 eo
