3525 5025
846 503 1066 562 -33-

1584 545 1586 652 l

424 676 567 746 Rusticus
588 695 664 741 vero
687 672 795 740 dallide
818 680 848 739 et
869 675 948 739 sicut
969 675 1091 739 territus
1113 680 1193 741 esset
1219 675 1391 757 respondit:
1429 673 1493 750 Qui
1584 677 1585 754 l

423 770 496 831 sunt
509 764 564 846 qui
581 783 630 829 me
645 766 777 830 vocam?
797 800 824 809 -
844 766 885 827 At
906 765 964 829 illi:
987 764 1069 829 Socii
1093 765 1137 828 tui
1161 782 1279 829 sumus
1299 800 1326 809 -
1348 766 1384 828 Et
1403 765 1494 829 rusti-
1584 765 1585 798 l

424 873 479 919 cus
494 855 533 918 ad
549 872 604 919 eos
618 856 671 919 ait:
697 853 839 925 Rediistis
852 854 938 935 jam?
958 890 986 899 -
1005 856 1045 917 llt
1061 853 1104 917 illi
1120 858 1238 918 contra:
1262 854 1338 929 Quo
1359 854 1494 935 perrexi·

425 961 503 1022 mus,
527 944 611 1007 unde
627 944 727 1008 redire
742 943 935 1007 debeamus?
959 978 1002 989 -·
1027 943 1121 1007 8.Αά
1138 944 1214 1007 haec
1232 943 1377 1007 rusticus:
1401 943 1495 1007 Nunc

370 1046 411 1093 coo
425 1033 526 1098 visum
542 1038 588 1098 est
603 1033 687 1113 mihi,
711 1031 797 1113 quod
813 1031 879 1096 duo
899 1032 999 1113 angeli
1021 1050 1120 1095 unum
1141 1052 1178 1097 ex
1193 1032 1285 1097 vobis
1303 1032 1496 1114 accipiebant
1585 1033 1586 1064 ¹

424 1127 454 1186 et
471 1123 647 1204 aperiebant
666 1126 770 1204 portas
789 1121 875 1200 coeli,
899 1125 929 1185 et
947 1121 1102 1185 ducebant
1123 1126 1193 1185 ante
1214 1122 1327 1185 Deum.
1356 1120 1493 1185 Deinde
1585 1119 1586 1154 l

423 1210 517 1275 alium
533 1211 722 1294 accipiebant
736 1210 802 1273 duo
817 1210 918 1291 angeli
937 1210 1020 1291 {alii],
1037 1215 1067 1275 et
1080 1214 1184 1293 aperta
1195 1214 1274 1274 terra
1285 1210 1443 1275 ducebant
1456 1209 1495 1273 ad
1585 1213 1586 1222 ’

424 1300 588 1364 infernum.
634 1302 670 1364 Et
685 1300 733 1363 his
748 1298 821 1363 visis
837 1300 982 1380 putabam
999 1304 1143 1363 neutrum
1160 1317 1227 1363 esse
1242 1303 1418 1363 vestrorum
1433 1300 1495 1380 jam

423 1390 557 1471 amplius
581 1388 760 1453 rediturum.
806 1388 939 1468 Surrexi,
962 1392 992 1451 et
1014 1407 1126 1469 panem
1151 1389 1282 1452 comedi.
1313 1424 1340 1433 -

847 1530 926 1593 xxi.
977 1536 1069 1594 l-8.

370 1666 412 1714 mo
519 1663 546 1722 1.
563 1656 704 1719 Narravit
715 1654 791 1718 mihi
807 1655 951 1735 magister
962 1673 1051 1719 meus
1062 1654 1217 1736 quendam
1231 1673 1335 1735 regern
1349 1654 1497 1719 habuisse

425 1744 586 1809 incisorem
611 1761 718 1822 unum,
742 1744 795 1824 qui
819 1743 960 1807 diversos
985 1744 1115 1808 diversis
1138 1745 1166 1807 ei
1189 1744 1384 1825 temporibus
1409 1748 1497 1826 aptos

425 1833 578 1897 incidebat
608 1851 737 1914 pannos.
797 1833 849 1896 llle
886 1837 987 1896 autem
1023 1833 1194 1914 discipulos
1223 1837 1344 1897 sutores
1377 1832 1497 1910 habuit,

425 1940 559 2003 quorum
590 1922 722 2003 quisque
751 1921 915 1985 artificiose
944 1922 1052 1986 suebat
1080 1921 1166 2003 quod
1198 1921 1349 2002 magister,
1380 1922 1499 1987 incisor

426 2012 515 2092 regis,
538 2011 701 2076 artificiose
723 2011 890 2075 scindebat
929 2011 1008 2074 lnter
1030 2028 1112 2091 quos
1134 2028 1217 2074 unus
1239 2014 1301 2074 crat
1323 2010 1499 2093 discipulus

370 2114 412 2161 sao
426 2100 553 2165 nomine
576 2100 713 2179 Nedui,
737 2099 791 2180 qui
814 2100 918 2164 socios
939 2105 1002 2163 arte
1024 2100 1141 2163 sutoria
1161 2100 1332 2180 superabat
1379 2108 1414 2165 2.
1438 2100 1498 2165 Sed

425 2190 476 2255 die
499 2189 576 2254 festo
598 2190 738 2253 veniente
761 2207 814 2252 rex
837 2206 966 2252 suorum
990 2188 1154 2253 incisorem
1175 2205 1350 2270 pannorum
1367 2190 1497 2266 voeavit,

425 2283 454 2343 ct
472 2280 620 2361 pretiosas
638 2283 736 2342 vestes
754 2277 812 2342 sibi
831 2282 861 2341 et
878 2278 1081 2342 familiaribus
1096 2278 1267 2359 praeparari
1285 2277 1386 2358 jussit;
1412 2278 1498 2359 quod

426 2373 460 2432 ut
481 2368 569 2431 citius
590 2373 621 2431 et
646 2368 713 2431 sine
745 2366 968 2448 impedimento
998 2367 1092 2446 fieret,
1123 2385 1221 2430 unum
1252 2367 1292 2431 dc
1321 2367 1499 2433 camerariis

426 2456 498 2536 suis,
522 2457 708 2535 eunuchum,
732 2456 820 2537 cuius
843 2456 874 2520 id
898 2461 961 2522 erat
984 2456 1132 2536 officium,
1155 2457 1313 2522 sutoribus
1334 2457 1498 2522 custodem
1588 2501 1589 2545 ss

371 2559 412 2606 ora
425 2546 553 2626 addidit,
577 2552 605 2610 et
627 2551 661 2609 ut
684 2564 792 2610 eorum
815 2563 928 2610 curvos
957 2564 1079 2627 ungues
1108 2547 1292 2625 observaret,
1321 2551 1351 2609 et
1381 2547 1430 2612 eis
1460 2547 1499 2610 ad

425 2636 639 2702 sufficientiam
671 2636 838 2700 necessaria
869 2636 1060 2715 ministraret,
1092 2636 1219 2716 rogavit
1274 2641 1301 2699 3.
1336 2635 1398 2700 Sed
1438 2654 1500 2699 una
1588 2682 1589 2695 ,

425 2725 545 2790 dierum
577 2725 706 2790 ministri
738 2725 870 2789 calidum
903 2743 1014 2807 panem
1038 2725 1150 2788 etmel
1173 2743 1245 2787 cum
1275 2725 1342 2788 aliis
1372 2724 1500 2790 ferculis

425 2814 549 2878 incisori
580 2820 609 2878 et
638 2815 729 2880 sociis
762 2814 990 2878 comedendum
1019 2813 1183 2892 dederunt,
1222 2818 1252 2877 et
1280 2813 1334 2894 qui
1370 2813 1500 2879 aderant

427 2904 588 2968 comedere
623 2908 797 2984 coeperunt
858 2904 985 2978 Quibus
1018 2903 1214 2984 epulantibus
1246 2903 1411 2967 eunuchus
1445 2904 1499 2968 ait:

372 3007 412 3054 nso
427 2993 533 3067 Quare
555 2993 679 3055 absente
710 2992 842 3056 Nedui
869 2992 1038 3070 comeditis,
1069 3010 1126 3055 nec
1148 3009 1220 3055 eum
1243 2992 1431 3072 expectatis?
1458 3028 1498 3039 -

426 3081 572 3162 Magister
595 3080 706 3161 inquil:
731 3081 814 3156 Quia
837 3082 898 3145 mel
919 3100 983 3146 non
1001 3080 1182 3160 comederet,
1206 3080 1295 3144 etiarn
1319 3081 1344 3143 si
1368 3081 1500 3146 adesset

431 3171 519 3233 -Et
540 3167 750 3233 comederunt.
787 3181 815 3234 4.
833 3171 956 3234 Deinde
972 3170 1055 3234 venit
1076 3168 1210 3247 Nedui,
1234 3169 1289 3249 qui
1311 3170 1365 3231 ait:
1391 3171 1500 3245 Quare

427 3277 476 3322 me
498 3259 624 3322 absente
646 3258 830 3338 comedistis,
855 3277 912 3323 nec
934 3259 1009 3323 mihi
1035 3264 1149 3340 partem
1174 3276 1273 3322 meam
1298 3260 1499 3324 reservastis?

432 3381 465 3392 -
493 3347 661 3411 Eunuchus
690 3345 825 3411 adhoc:
858 3349 1004 3428 Magister
1031 3353 1104 3411 tuus
1126 3347 1210 3425 dixit,
1234 3346 1320 3427 quod
1345 3348 1407 3411 mel
1433 3366 1499 3412 non

372 3450 413 3498 seo
427 3436 613 3515 comederes,
637 3436 725 3500 eliam
749 3436 775 3500 si
798 3436 930 3501 adesses.
962 3473 988 3481 -
1018 3436 1059 3500 nt
1081 3437 1132 3500 ille
1153 3436 1256 3514 tacuit,
1280 3440 1309 3499 et
1331 3437 1499 3516 quomodo

426 3525 572 3605 magistro
603 3543 662 3590 suo
692 3526 753 3590 hoc
782 3544 1016 3608 recompensare
1045 3531 1150 3607 posset
1179 3525 1331 3605 cogitavit
1376 3526 1414 3589 lit
1438 3527 1500 3591 boc

426 3614 518 3691 facto,
561 3615 707 3695 magistro
740 3616 877 3693 absente,
914 3615 1046 3679 Nedui
1080 3619 1193 3678 secrete
1227 3613 1303 3676 dixit
1335 3616 1499 3679 eunucho:

427 3701 580 3766 Domine!
618 3703 762 3784 Magister
793 3722 880 3768 meus
909 3722 1000 3786 saepe
1023 3704 1188 3784 phrenesin
1212 3703 1337 3784 patiens,
1367 3720 1498 3767 sensum

426 3792 534 3874 perdit,
557 3797 587 3856 et
610 3792 771 3857 indiscrete
794 3793 1022 3857 circumstantes
1045 3793 1185 3856 verberat
1205 3796 1257 3855 aut
1280 3790 1436 3856 interimit.
1459 3827 1494 3838 -

372 3897 413 3945 roo
431 3884 458 3947 5.
482 3881 542 3945 Cui
558 3882 733 3946 eunuchus:
757 3882 788 3947 Si
813 3881 922 3945 scirem
947 3881 1055 3945 horam
1079 3881 1206 3961 quando
1229 3881 1257 3944 ei
1273 3880 1431 3960 contingit,
1457 3900 1498 3945 ne

426 3970 502 4051 quid
533 3971 604 4036 mali
634 3975 737 4051 ageret
765 3989 836 4035 eum
867 3969 994 4050 ligarem
1019 3974 1048 4034 et
1071 3970 1146 4034 loris
1176 3968 1427 4050 constringerem.
1461 4005 1490 4015 -

427 4059 515 4120 Tunc
538 4058 683 4120 Nedui:
707 4059 816 4131 Quum
839 4057 954 4120 videris
981 4059 1042 4120 huc
1071 4061 1100 4118 et
1126 4058 1199 4121 illuc
1225 4058 1436 4138 aspicientem,
1468 4063 1498 4122 et

426 4149 536 4207 terram
568 4143 711 4205 manibus
740 4144 965 4219 verberantem,
997 4148 1026 4204 et
1056 4160 1113 4205 sua
1142 4145 1215 4206 sede
1245 4149 1437 4223 surgentem,
1469 4151 1500 4210 et

427 4246 587 4292 scamnum
617 4245 711 4306 super
740 4227 826 4305 quod
857 4227 943 4289 sedet
972 4245 1066 4290 manu
1097 4230 1278 4308 rapientem:
1312 4235 1386 4294 tunc
1417 4234 1500 4298 scias
