3525 5025
835 486 1077 541 -tta—

422 657 605 739 superponit
641 657 755 735 sellam,
793 656 924 719 antelam
963 660 1049 737 aptat,
1089 656 1195 721 omnia
1229 658 1285 720 hec
1328 675 1386 718 rex
1426 672 1499 718 auro

367 764 410 813 111
424 746 599 829 purissimo,
640 745 846 827 dependentia
878 745 1017 809 eiusdem
1050 746 1162 808 metalli
1194 745 1399 822 tintinabula,
1442 762 1500 823 que
1589 738 1590 765 ³

423 836 482 911 ille,
512 852 550 898 ne
576 834 712 899 sonitum
744 834 859 913 darent,
892 852 960 897 cera
983 834 1122 899 obstmit
1171 835 1241 899 lloc
1271 836 1356 899 lacto
1390 836 1503 897 reserat

424 925 546 1001 ostium,
575 924 713 987 ascendit
734 941 859 1004 equum,
890 924 1051 1004 velocique
1074 941 1164 987 cursu
1198 924 1296 1005 pergit
1321 923 1366 987 ad
1398 924 1503 986 locum

423 1013 481 1079 sibi
497 1030 517 1075 a
531 1012 658 1077 fratibus
673 1013 880 1077 constitutum.
919 1008 1142 1093 Ve[t57‘¹]rum
1160 1032 1224 1076 non
1242 1014 1323 1077 bene
1341 1014 1505 1077 cesserunt
1589 1028 1590 1033 ¹

424 1103 452 1166 ei
475 1101 673 1165 latrocinandi
697 1102 854 1183 principia,
879 1102 1002 1167 mentita
1018 1107 1062 1165 est
1078 1102 1222 1182 iniquitas
1245 1102 1312 1181 sibi,
1340 1106 1374 1165 et
1398 1099 1507 1165 fefellit

369 1210 411 1259 111
425 1208 480 1256 eos
495 1190 615 1269 matitia,
631 1184 881 1271 quoniam‘visus
897 1196 973 1254 esta
990 1192 1171 1255 custodibus
1186 1192 1319 1271 civitatis,
1348 1210 1370 1254 a
1387 1190 1506 1271 quibus

424 1281 512 1343 etiam
536 1280 660 1359 fugiens
689 1279 806 1343 fortiter
835 1280 991 1344 insecutus
1018 1285 1063 1343 est
1090 1281 1129 1343 ad
1161 1281 1264 1344 locum
1294 1280 1506 1361 disignatum,

424 1374 453 1433 et
486 1388 557 1433 cum
587 1369 732 1433 fratribus
764 1368 977 1449 deprehensus
1011 1373 1056 1433 est
1089 1374 1118 1433 et
1152 1388 1242 1433 mane
1272 1389 1346 1434 cum
1383 1368 1506 1433 eisdem

425 1459 530 1539 regine
567 1457 698 1522 oblatus.
753 1456 825 1533 Que
859 1458 970 1522 videns
1007 1476 1062 1523 eos
1096 1459 1195 1521 torma
1229 1459 1392 1539 elegantes
1431 1474 1506 1529 esse,

424 1548 615 1627 audiensque
644 1546 731 1627 quod
765 1546 821 1609 11111
856 1552 957 1611 essent
991 1547 1073 1611 illius
1102 1549 1262 1628 quondam
1294 1544 1507 1612 famosissimi

369 1655 411 1703 111
427 1637 561 1714 latronis,
595 1641 659 1699 erat
688 1640 789 1700 autem
821 1635 871 1699 lric
898 1636 1056 1700 familiaris
1079 1637 1192 1717 regine,
1225 1638 1347 1701 retrusit
1381 1653 1443 1701 eos
1475 1634 1506 1694 in

425 1744 575 1789 carcerem
598 1729 628 1788 et
650 1725 770 1789 interim
795 1724 880 1806 patri,
904 1729 937 1789 ut
959 1726 998 1788 ad
1022 1742 1055 1789 se
1078 1726 1201 1805 veniret,
1227 1727 1398 1790 mandavit.
1438 1722 1505 1797 Qui

425 1834 495 1879 cum
526 1814 670 1892 venisset,
702 1815 946 1894 interrogabatur
976 1833 994 1877 a
1024 1815 1142 1894 regina,
1173 1815 1198 1878 si
1228 1815 1311 1880 tilios
1344 1814 1506 1879 redimere

424 1904 521 1967 vellet
558 1902 612 1967 lllo
636 1909 765 1985 negante
786 1904 882 1968 obolo
907 1922 961 1967 eos
983 1904 1088 1967 saltem
1113 1903 1263 1967 redimere
1286 1904 1381 1968 velle:
1399 1902 1506 1973 ,Nunc

425 2011 510 2074 ergo,
541 1992 582 2055 ait
604 1994 717 2073 regina,
749 1993 827 2057 refer
857 1993 950 2055 michi
981 2010 1069 2057 casus
1092 1994 1139 2056 vel
1170 1993 1313 2074 pericula,
1345 2012 1413 2074 que
1437 1988 1503 2065 tibi,

370 2100 411 2149 111
426 2083 502 2145 dum
527 2082 683 2145 latrocinia
712 2099 875 2160 exerceres,
907 2097 1044 2162 unquam
1075 2082 1241 2147 acciderint
1269 2083 1444 2163 graviores,
1475 2081 1504 2140 et

425 2172 508 2235 tilios
531 2171 646 2235 liberos
669 2171 795 2234 reddam
819 2171 883 2234 tibi.
929 2170 969 2233 m
992 2171 1050 2249 ille,
1081 2176 1114 2234 ut
1137 2172 1234 2252 ipsius
1256 2171 1361 2235 verbis
1386 2169 1503 2233 melius

425 2266 504 2323 utar:
541 2260 709 2339 Quoniam,
745 2259 852 2340 inquit,
887 2260 1015 2341 perdere
1045 2260 1215 2324 secundum
1247 2265 1370 2341 poetam
1404 2258 1501 2323 verba

426 2350 491 2413 leve
521 2355 566 2413 est
596 2368 750 2431 parvaque
777 2349 897 2427 iactura,
929 2350 1026 2413 mullo
1057 2350 1153 2412 levius
1184 2353 1260 2430 pulo
1292 2350 1368 2413 solis
1393 2346 1501 2413 verbis

426 2438 544 2503 lucrari.
596 2438 678 2501 Audi
709 2456 792 2519 ergo,
829 2438 870 2500 ait
899 2439 938 2500 ad
969 2438 1115 2519 reginam,
1153 2439 1212 2501 sub
1243 2438 1417 2520 sponsione
1449 2441 1500 2499 tua

371 2546 413 2593 111
428 2547 524 2607 casus,
547 2529 601 2608 qui
625 2548 675 2592 me
698 2547 836 2608 unquam
860 2529 959 2609 magis
980 2532 1161 2592 terruerunt.

515 2617 720 2681 Audieramus
742 2618 910 2698 aliquando
934 2617 1088 2699 gigantem
1108 2617 1202 2680 multa
1225 2617 1290 2680 auri
1313 2618 1499 2698 argentique

427 2707 510 2769 milia
545 2706 753 2787 possidentem
785 2707 862 2770 intra
897 2707 1094 2770 solitudinem
1125 2706 1231 2787 viginti
1270 2707 1333 2770 lere
1368 2706 1498 2770 milibus

427 2800 579 2859 remotum
595 2796 635 2883 ab
652 2796 832 2860 hominibus
848 2796 991 2859 habitare.
1026 2796 1213 2876 Congregati
1237 2796 1330 2876 igitur
1346 2796 1378 2858 in
1395 2811 1497 2860 unum

428 2890 549 2950 centum
575 2887 707 2949 latrones
729 2886 796 2948 auri
813 2885 976 2966 cupiditate
1000 2885 1097 2964 illecti,
1121 2886 1160 2948 ad
1184 2884 1403 2950 habitationem
1430 2885 1496 2948 eius

373 2995 414 3042 111
429 2993 543 3055 magno
567 2993 637 3038 cum
662 2975 767 3038 labore
791 2975 996 3055 pervenimus
1027 2992 1127 3055 eoque
1151 2992 1215 3037 non
1239 2974 1373 3052 invento,
1396 2971 1496 3054 gavisi

427 3064 609 3129 abstulimus
632 3064 780 3144 quicquid
804 3065 869 3127 auri
894 3067 923 3127 et
945 3062 1061 3143 argenti
1078 3062 1235 3144 potuimus
1251 3062 1397 3126 invenire.
1435 3060 1495 3130 Sed

428 3171 497 3217 cum
528 3154 626 3217 securi
662 3153 887 3234 repedaremus,
922 3154 1009 3233 gigas
1042 3170 1153 3216 novem
1189 3153 1289 3233 [t58³]
1323 3170 1394 3215 cum
1430 3151 1497 3218 aliis

428 3242 588 3306 comitatus
604 3243 696 3306 nobis
712 3242 888 3323 inprovisus
903 3241 1086 3323 supervenit,
1107 3241 1248 3322 captique
1263 3259 1379 3320 sumus,
1396 3241 1495 3322 proch

429 3331 539 3411 pudor,
564 3335 685 3394 centum
701 3350 719 3394 a
734 3332 850 3396 decem.
882 3331 946 3406 Qui
964 3349 1022 3395 nos
1038 3331 1117 3394 inter
1131 3348 1164 3394 se
1180 3330 1358 3409 dividentes,
1383 3330 1496 3395 deveni

373 3437 415 3485 111
429 3437 489 3499 ego
524 3418 616 3482 miser
650 3439 721 3483 cum
753 3438 864 3484 novem
896 3421 963 3484 aliis
994 3421 1024 3483 in
1061 3423 1176 3502 partem
1207 3419 1286 3496 eius,
1316 3419 1405 3483 cuius
1439 3437 1497 3485 nos

428 3507 548 3571 divitias
570 3508 746 3573 tuleramus.
782 3509 894 3589 ligatis
910 3527 985 3589 ergo
1001 3509 1145 3573 manibus
1169 3513 1334 3573 retrorsum
1359 3509 1498 3574 minabat

429 3615 486 3660 nos
520 3596 558 3659 ad
594 3601 714 3660 antrum
750 3617 841 3661 suum
877 3599 964 3679 quasi
1000 3598 1106 3662 decem
1141 3597 1278 3663 oviculas
1311 3601 1409 3660 statua
1446 3599 1497 3662 illa

428 3685 572 3749 tredecim
596 3686 717 3750 cubitos
739 3688 898 3752 excedens.
946 3687 1030 3751 Dum
1054 3691 1155 3750 autem
1179 3687 1206 3750 ei
1231 3687 1413 3750 immensam
1439 3707 1497 3768 pro

429 3779 533 3838 nostra
564 3775 777 3856 redemptione
812 3777 973 3857 pecuniam
1009 3777 1201 3853 offerremus,
1237 3775 1286 3838 ille
1308 3775 1497 3841 insultando

374 3882 415 3928 111
431 3863 522 3927 nobis
560 3881 623 3927 non
662 3865 754 3943 aliud,
794 3883 887 3945 quam
927 3883 1032 3930 carnes
1071 3869 1190 3930 nostras
1227 3883 1260 3928 se
1297 3868 1495 3944 accepturum

429 3953 629 4033 respondens,
657 3971 728 4016 eum
753 3955 861 4032 statim,
890 3973 983 4035 quem
1008 3955 1086 4019 inter
1109 3972 1167 4018 nos
1190 3952 1385 4035 pinguiorem
1411 3955 1497 4034 vidit,

430 4042 687 4122 comprehensum
713 4043 837 4124 iugulat,
860 4043 1057 4123 divisumque
1074 4042 1266 4107 membratim
1284 4041 1315 4104 in
1331 4041 1496 4108 cacabrum

429 4131 538 4214 proicit
565 4131 772 4212 coquendum.
819 4129 905 4206 Quid
937 4132 1046 4212 plura?
1092 4131 1143 4195 Sic
1166 4131 1261 4209 illum,
1291 4130 1334 4194 sic
1357 4131 1498 4211 reliquos

430 4239 528 4302 usque
550 4223 588 4285 ad
613 4240 663 4284 me
687 4221 840 4299 iugulatos
863 4224 1028 4297 coctosque
1052 4218 1216 4294 devoravit,
1249 4237 1367 4298 meque,
1395 4223 1495 4299 proclr
