<?xml version="1.0" encoding="UTF-8"?>
<!DOCTYPE html PUBLIC "-//W3C//DTD XHTML 1.0 Transitional//EN"
    "http://www.w3.org/TR/xhtml1/DTD/xhtml1-transitional.dtd">
<html xmlns="http://www.w3.org/1999/xhtml" xml:lang="en" lang="en">
 <head>
  <title>
</title>
<meta http-equiv="Content-Type" content="text/html;charset=utf-8" />
  <meta name='ocr-system' content='tesseract 3.04.00' />
  <meta name='ocr-capabilities' content='ocr_page ocr_carea ocr_par ocr_line ocrx_word'/>
</head>
<body>
  <div class='ocr_page' id='page_1' title='image "./probenderlatein00ulrigoog_0117.png"; bbox 0 0 3525 5025; ppageno 0'>
   <div class='ocr_carea' id='block_1_1' title="bbox 839 455 1081 512">
    <p class='ocr_par' dir='ltr' id='par_1_1' title="bbox 839 455 1081 512">
     <span class='ocr_line' id='line_1_1' title="bbox 839 455 1081 512; baseline 0.004 -1"><span class='ocrx_word' id='word_1_1' title='bbox 839 455 1081 512; x_wconf 88' lang='grc'>-106-</span> 
     </span>
    </p>
   </div>
   <div class='ocr_carea' id='block_1_2' title="bbox 372 626 1581 799">
    <p class='ocr_par' dir='ltr' id='par_1_2' title="bbox 372 626 1581 799">
     <span class='ocr_line' id='line_1_2' title="bbox 427 626 1581 705; baseline -0.003 -12"><span class='ocrx_word' id='word_1_2' title='bbox 427 632 457 693; x_wconf 89' lang='lat' dir='ltr'>et</span> <span class='ocrx_word' id='word_1_3' title='bbox 486 627 591 691; x_wconf 91' lang='lat' dir='ltr'>ridens</span> <span class='ocrx_word' id='word_1_4' title='bbox 620 626 782 704; x_wconf 88' lang='lat' dir='ltr'>invenitur,</span> <span class='ocrx_word' id='word_1_5' title='bbox 816 646 872 691; x_wconf 91' lang='lat' dir='ltr'>nec</span> <span class='ocrx_word' id='word_1_6' title='bbox 903 627 963 691; x_wconf 92' lang='lat' dir='ltr'>hoc</span> <span class='ocrx_word' id='word_1_7' title='bbox 992 626 1162 705; x_wconf 75' lang='lat' dir='ltr'>artificiose,</span> <span class='ocrx_word' id='word_1_8' title='bbox 1195 631 1228 690; x_wconf 90' lang='lat' dir='ltr'>ut</span> <span class='ocrx_word' id='word_1_9' title='bbox 1250 627 1311 705; x_wconf 90' lang='lat' dir='ltr'>aiii,</span> <span class='ocrx_word' id='word_1_10' title='bbox 1342 627 1395 691; x_wconf 91' lang='lat' dir='ltr'>sed</span> <span class='ocrx_word' id='word_1_11' title='bbox 1421 628 1493 691; x_wconf 89' lang='lat' dir='ltr'>sim·</span> <span class='ocrx_word' id='word_1_12' title='bbox 1580 634 1581 637; x_wconf 75' lang='grc'>’</span> 
     </span>
     <span class='ocr_line' id='line_1_3' title="bbox 372 716 1495 799; baseline -0.005 -14"><span class='ocrx_word' id='word_1_13' title='bbox 372 736 415 785; x_wconf 74' lang='lat' dir='ltr'>uu</span> <span class='ocrx_word' id='word_1_14' title='bbox 429 717 553 799; x_wconf 76' lang='lat' dir='ltr'>pliciter,</span> <span class='ocrx_word' id='word_1_15' title='bbox 582 722 688 779; x_wconf 86' lang='lat' dir='ltr'>natura</span> <span class='ocrx_word' id='word_1_16' title='bbox 710 721 740 780; x_wconf 91' lang='lat' dir='ltr'>et</span> <span class='ocrx_word' id='word_1_17' title='bbox 762 721 837 779; x_wconf 90' lang='lat' dir='ltr'>etate</span> <span class='ocrx_word' id='word_1_18' title='bbox 860 716 1035 797; x_wconf 78' lang='lat' dir='ltr'>impellente</span> <span class='ocrx_word' id='word_1_19' title='bbox 1058 716 1127 797; x_wconf 86' lang='lat' dir='ltr'>agit,</span> <span class='ocrx_word' id='word_1_20' title='bbox 1156 716 1251 780; x_wconf 87' lang='lat' dir='ltr'>nichil</span> <span class='ocrx_word' id='word_1_21' title='bbox 1276 716 1349 780; x_wconf 90' lang='lat' dir='ltr'>inde</span> <span class='ocrx_word' id='word_1_22' title='bbox 1370 734 1495 798; x_wconf 89' lang='lat' dir='ltr'>sperans</span> 
     </span>
    </p>
   </div>
   <div class='ocr_carea' id='block_1_3' title="bbox 428 823 1494 974">
    <p class='ocr_par' dir='ltr' id='par_1_3' title="bbox 428 823 1494 974">
     <span class='ocr_line' id='line_1_4' title="bbox 450 823 546 870; baseline 0 0"><span class='ocrx_word' id='word_1_23' title='bbox 450 823 546 870; x_wconf 83' lang='lat' dir='ltr'>remn</span> 
     </span>
     <span class='ocr_line' id='line_1_5' title="bbox 428 825 1494 974; baseline -0.002 -18"><span class='ocrx_word' id='word_1_24' title='bbox 428 825 450 888; x_wconf 69' lang='grc' dir='ltr'><strong>Ρ</strong></span> <span class='ocrx_word' id='word_1_25' title='bbox 520 894 618 958; x_wconf 85' lang='lat' dir='ltr'>Porro</span> <span class='ocrx_word' id='word_1_26' title='bbox 640 894 813 974; x_wconf 82' lang='lat' dir='ltr'>graviorem</span> <span class='ocrx_word' id='word_1_27' title='bbox 830 911 924 974; x_wconf 88' lang='lat' dir='ltr'>quem</span> <span class='ocrx_word' id='word_1_28' title='bbox 941 893 1041 958; x_wconf 90' lang='lat' dir='ltr'>habeo</span> <span class='ocrx_word' id='word_1_29' title='bbox 1060 893 1219 957; x_wconf 89' lang='lat' dir='ltr'>inimicum</span> <span class='ocrx_word' id='word_1_30' title='bbox 1236 912 1366 958; x_wconf 88' lang='lat' dir='ltr'>uxorem</span> <span class='ocrx_word' id='word_1_31' title='bbox 1389 894 1494 958; x_wconf 92' lang='lat' dir='ltr'>obtuli.</span> 
     </span>
    </p>
   </div>
   <div class='ocr_carea' id='block_1_4' title="bbox 428 982 1581 1152">
    <p class='ocr_par' dir='ltr' id='par_1_4' title="bbox 428 982 1581 1152">
     <span class='ocr_line' id='line_1_6' title="bbox 428 982 1581 1063; baseline -0.002 -16"><span class='ocrx_word' id='word_1_32' title='bbox 428 984 466 1047; x_wconf 80' lang='lat' dir='ltr'>At</span> <span class='ocrx_word' id='word_1_33' title='bbox 490 1002 569 1047; x_wconf 88' lang='lat' dir='ltr'>uxor</span> <span class='ocrx_word' id='word_1_34' title='bbox 592 1002 662 1047; x_wconf 91' lang='lat' dir='ltr'>cum</span> <span class='ocrx_word' id='word_1_35' title='bbox 678 982 796 1046; x_wconf 88' lang='lat' dir='ltr'>videret</span> <span class='ocrx_word' id='word_1_36' title='bbox 809 1000 843 1047; x_wconf 89' lang='lat' dir='ltr'>se</span> <span class='ocrx_word' id='word_1_37' title='bbox 858 983 931 1047; x_wconf 91' lang='lat' dir='ltr'>huic</span> <span class='ocrx_word' id='word_1_38' title='bbox 950 983 1061 1047; x_wconf 90' lang='lat' dir='ltr'>iniurie</span> <span class='ocrx_word' id='word_1_39' title='bbox 1084 988 1266 1047; x_wconf 79' lang='lat' dir='ltr'>reservatam</span> <span class='ocrx_word' id='word_1_40' title='bbox 1291 983 1495 1063; x_wconf 87' lang='lat' dir='ltr'>recoleretque</span> <span class='ocrx_word' id='word_1_41' title='bbox 1580 992 1581 1005; x_wconf 63' lang='lat'>¹</span> 
     </span>
     <span class='ocr_line' id='line_1_7' title="bbox 428 1071 1581 1152; baseline -0.001 -17"><span class='ocrx_word' id='word_1_42' title='bbox 428 1073 533 1149; x_wconf 90' lang='lat' dir='ltr'>fidem,</span> <span class='ocrx_word' id='word_1_43' title='bbox 550 1071 791 1137; x_wconf 88' lang='lat' dir='ltr'>misericordiam</span> <span class='ocrx_word' id='word_1_44' title='bbox 808 1077 837 1135; x_wconf 92' lang='lat' dir='ltr'>et</span> <span class='ocrx_word' id='word_1_45' title='bbox 851 1072 1071 1135; x_wconf 85' lang='lat' dir='ltr'>humanitatem</span> <span class='ocrx_word' id='word_1_46' title='bbox 1088 1090 1159 1152; x_wconf 86' lang='lat' dir='ltr'>erga</span> <span class='ocrx_word' id='word_1_47' title='bbox 1176 1072 1320 1135; x_wconf 88' lang='lat' dir='ltr'>maritum</span> <span class='ocrx_word' id='word_1_48' title='bbox 1337 1073 1496 1152; x_wconf 91' lang='lat' dir='ltr'>maritique</span> <span class='ocrx_word' id='word_1_49' title='bbox 1580 1092 1581 1123; x_wconf 65' lang='lat' dir='ltr'>t</span> 
     </span>
    </p>
   </div>
   <div class='ocr_carea' id='block_1_5' title="bbox 372 1161 1497 1331">
    <p class='ocr_par' dir='ltr' id='par_1_5' title="bbox 372 1161 1497 1331">
     <span class='ocr_line' id='line_1_8' title="bbox 372 1161 1497 1244; baseline -0.005 -15"><span class='ocrx_word' id='word_1_50' title='bbox 372 1181 415 1229; x_wconf 67' lang='lat' dir='ltr'>no</span> <span class='ocrx_word' id='word_1_51' title='bbox 431 1167 545 1244; x_wconf 86' lang='lat' dir='ltr'>patrem</span> <span class='ocrx_word' id='word_1_52' title='bbox 581 1161 724 1239; x_wconf 84' lang='lat' dir='ltr'>habitam,</span> <span class='ocrx_word' id='word_1_53' title='bbox 759 1161 864 1225; x_wconf 87' lang='lat' dir='ltr'>furore</span> <span class='ocrx_word' id='word_1_54' title='bbox 898 1178 1044 1225; x_wconf 90' lang='lat' dir='ltr'>succensa</span> <span class='ocrx_word' id='word_1_55' title='bbox 1074 1162 1186 1241; x_wconf 89' lang='lat' dir='ltr'>vixque</span> <span class='ocrx_word' id='word_1_56' title='bbox 1216 1162 1293 1223; x_wconf 91' lang='lat' dir='ltr'>dum</span> <span class='ocrx_word' id='word_1_57' title='bbox 1325 1161 1376 1224; x_wconf 92' lang='lat' dir='ltr'>ilie</span> <span class='ocrx_word' id='word_1_58' title='bbox 1404 1162 1497 1223; x_wconf 89' lang='lat' dir='ltr'>verba</span> 
     </span>
     <span class='ocr_line' id='line_1_9' title="bbox 430 1249 1496 1331; baseline -0.003 -16"><span class='ocrx_word' id='word_1_59' title='bbox 430 1251 531 1315; x_wconf 87' lang='lat' dir='ltr'>finiret</span> <span class='ocrx_word' id='word_1_60' title='bbox 558 1251 723 1314; x_wconf 90' lang='lat' dir='ltr'>sustinens:</span> <span class='ocrx_word' id='word_1_61' title='bbox 756 1249 788 1315; x_wconf 94' lang='grc' dir='ltr'>Ο</span> <span class='ocrx_word' id='word_1_62' title='bbox 811 1250 963 1327; x_wconf 90' lang='lat' dir='ltr'>omnium,</span> <span class='ocrx_word' id='word_1_63' title='bbox 994 1250 1101 1330; x_wconf 91' lang='lat' dir='ltr'>inquit,</span> <span class='ocrx_word' id='word_1_64' title='bbox 1132 1250 1301 1331; x_wconf 89' lang='lat' dir='ltr'>pessimum</span> <span class='ocrx_word' id='word_1_65' title='bbox 1332 1250 1496 1330; x_wconf 85' lang='lat' dir='ltr'>ingratissi-</span> 
     </span>
    </p>
   </div>
   <div class='ocr_carea' id='block_1_6' title="bbox 430 1332 1581 1421">
    <p class='ocr_par' dir='ltr' id='par_1_6' title="bbox 430 1332 1581 1421">
     <span class='ocr_line' id='line_1_10' title="bbox 430 1332 1581 1421; baseline -0.002 -18"><span class='ocrx_word' id='word_1_66' title='bbox 430 1358 581 1421; x_wconf 91' lang='lat' dir='ltr'>mumque</span> <span class='ocrx_word' id='word_1_67' title='bbox 596 1339 769 1417; x_wconf 87' lang='lat' dir='ltr'>hominum,</span> <span class='ocrx_word' id='word_1_68' title='bbox 785 1340 839 1419; x_wconf 95' lang='lat' dir='ltr'>qui</span> <span class='ocrx_word' id='word_1_69' title='bbox 856 1340 1021 1403; x_wconf 90' lang='lat' dir='ltr'>immemor</span> <span class='ocrx_word' id='word_1_70' title='bbox 1037 1339 1259 1403; x_wconf 89' lang='lat' dir='ltr'>beneficiorum</span> <span class='ocrx_word' id='word_1_71' title='bbox 1277 1339 1496 1403; x_wconf 88' lang='lat' dir='ltr'>misericordia·</span> <span class='ocrx_word' id='word_1_72' title='bbox 1580 1332 1581 1379; x_wconf 60' lang='lat' dir='ltr'>i</span> 
     </span>
    </p>
   </div>
   <div class='ocr_carea' id='block_1_7' title="bbox 430 1427 1498 1509">
    <p class='ocr_par' dir='ltr' id='par_1_7' title="bbox 430 1427 1498 1509">
     <span class='ocr_line' id='line_1_11' title="bbox 430 1427 1498 1509; baseline 0 -18"><span class='ocrx_word' id='word_1_73' title='bbox 430 1447 572 1509; x_wconf 87' lang='lat' dir='ltr'>rumque,</span> <span class='ocrx_word' id='word_1_74' title='bbox 602 1446 680 1509; x_wconf 88' lang='lat' dir='ltr'>quas</span> <span class='ocrx_word' id='word_1_75' title='bbox 702 1446 762 1509; x_wconf 86' lang='lat' dir='ltr'>ego</span> <span class='ocrx_word' id='word_1_76' title='bbox 794 1429 869 1509; x_wconf 83' lang='lat' dir='ltr'>patri</span> <span class='ocrx_word' id='word_1_77' title='bbox 901 1429 968 1491; x_wconf 91' lang='lat' dir='ltr'>eius</span> <span class='ocrx_word' id='word_1_78' title='bbox 998 1428 1088 1491; x_wconf 89' lang='lat' dir='ltr'>morti</span> <span class='ocrx_word' id='word_1_79' title='bbox 1120 1429 1274 1492; x_wconf 90' lang='lat' dir='ltr'>subtracto</span> <span class='ocrx_word' id='word_1_80' title='bbox 1305 1429 1364 1491; x_wconf 88' lang='lat' dir='ltr'>iam</span> <span class='ocrx_word' id='word_1_81' title='bbox 1395 1427 1498 1491; x_wconf 90' lang='lat' dir='ltr'>multis</span> 
     </span>
    </p>
   </div>
   <div class='ocr_carea' id='block_1_8' title="bbox 428 1516 1581 1598">
    <p class='ocr_par' dir='ltr' id='par_1_8' title="bbox 428 1516 1581 1598">
     <span class='ocr_line' id='line_1_12' title="bbox 428 1516 1581 1598; baseline -0.003 -17"><span class='ocrx_word' id='word_1_82' title='bbox 428 1518 518 1581; x_wconf 85' lang='lat' dir='ltr'>annis</span> <span class='ocrx_word' id='word_1_83' title='bbox 542 1518 574 1579; x_wconf 87' lang='lat' dir='ltr'>in</span> <span class='ocrx_word' id='word_1_84' title='bbox 597 1535 687 1581; x_wconf 87' lang='lat' dir='ltr'>cavea</span> <span class='ocrx_word' id='word_1_85' title='bbox 714 1517 849 1595; x_wconf 88' lang='lat' dir='ltr'>exhibui,</span> <span class='ocrx_word' id='word_1_86' title='bbox 885 1536 935 1580; x_wconf 92' lang='lat' dir='ltr'>me</span> <span class='ocrx_word' id='word_1_87' title='bbox 963 1535 1066 1581; x_wconf 90' lang='lat' dir='ltr'>coram</span> <span class='ocrx_word' id='word_1_88' title='bbox 1097 1536 1168 1597; x_wconf 82' lang='lat' dir='ltr'>rege</span> <span class='ocrx_word' id='word_1_89' title='bbox 1199 1518 1349 1597; x_wconf 92' lang='lat' dir='ltr'>omnique</span> <span class='ocrx_word' id='word_1_90' title='bbox 1377 1516 1497 1598; x_wconf 89' lang='lat' dir='ltr'>populo</span> <span class='ocrx_word' id='word_1_91' title='bbox 1580 1520 1581 1577; x_wconf 69' lang='lat' dir='ltr'>l</span> 
     </span>
    </p>
   </div>
   <div class='ocr_carea' id='block_1_9' title="bbox 374 1606 1497 1687">
    <p class='ocr_par' dir='ltr' id='par_1_9' title="bbox 374 1606 1497 1687">
     <span class='ocr_line' id='line_1_13' title="bbox 374 1606 1497 1687; baseline -0.001 -18"><span class='ocrx_word' id='word_1_92' title='bbox 374 1624 417 1673; x_wconf 83' lang='lat' dir='ltr'>auo</span> <span class='ocrx_word' id='word_1_93' title='bbox 431 1606 590 1669; x_wconf 91' lang='lat' dir='ltr'>inimicum</span> <span class='ocrx_word' id='word_1_94' title='bbox 621 1606 681 1670; x_wconf 92' lang='lat' dir='ltr'>sibi</span> <span class='ocrx_word' id='word_1_95' title='bbox 709 1606 866 1687; x_wconf 89' lang='lat' dir='ltr'>reputavit</span> <span class='ocrx_word' id='word_1_96' title='bbox 912 1606 951 1668; x_wconf 79' lang='lat' dir='ltr'>nt</span> <span class='ocrx_word' id='word_1_97' title='bbox 974 1607 1106 1670; x_wconf 89' lang='lat' dir='ltr'>iuvenis:</span> <span class='ocrx_word' id='word_1_98' title='bbox 1141 1608 1224 1683; x_wconf 84' lang='lat' dir='ltr'>Ecce,</span> <span class='ocrx_word' id='word_1_99' title='bbox 1255 1607 1362 1687; x_wconf 89' lang='lat' dir='ltr'>inquit,</span> <span class='ocrx_word' id='word_1_100' title='bbox 1393 1624 1497 1677; x_wconf 88' lang='lat' dir='ltr'>orex,</span> 
     </span>
    </p>
   </div>
   <div class='ocr_carea' id='block_1_10' title="bbox 429 1695 1581 2042">
    <p class='ocr_par' dir='ltr' id='par_1_10' title="bbox 429 1695 1581 2042">
     <span class='ocr_line' id='line_1_14' title="bbox 429 1695 1499 1776; baseline -0.003 -17"><span class='ocrx_word' id='word_1_101' title='bbox 429 1696 516 1759; x_wconf 84' lang='lat' dir='ltr'>vides</span> <span class='ocrx_word' id='word_1_102' title='bbox 539 1714 610 1759; x_wconf 90' lang='lat' dir='ltr'>vera</span> <span class='ocrx_word' id='word_1_103' title='bbox 632 1712 698 1759; x_wconf 89' lang='lat' dir='ltr'>esse</span> <span class='ocrx_word' id='word_1_104' title='bbox 721 1695 761 1758; x_wconf 91' lang='lat' dir='ltr'>de</span> <span class='ocrx_word' id='word_1_105' title='bbox 784 1713 890 1775; x_wconf 91' lang='lat' dir='ltr'>uxore,</span> <span class='ocrx_word' id='word_1_106' title='bbox 914 1714 975 1775; x_wconf 92' lang='lat' dir='ltr'>que</span> <span class='ocrx_word' id='word_1_107' title='bbox 999 1695 1071 1774; x_wconf 89' lang='lat' dir='ltr'>dixi,</span> <span class='ocrx_word' id='word_1_108' title='bbox 1096 1713 1156 1776; x_wconf 92' lang='lat' dir='ltr'>que</span> <span class='ocrx_word' id='word_1_109' title='bbox 1180 1714 1238 1776; x_wconf 93' lang='lat' dir='ltr'>pro</span> <span class='ocrx_word' id='word_1_110' title='bbox 1262 1696 1331 1760; x_wconf 91' lang='lat' dir='ltr'>solo</span> <span class='ocrx_word' id='word_1_111' title='bbox 1353 1695 1451 1758; x_wconf 91' lang='lat' dir='ltr'>verbo</span> <span class='ocrx_word' id='word_1_112' title='bbox 1469 1698 1499 1757; x_wconf 89' lang='lat' dir='ltr'>et</span> 
     </span>
     <span class='ocr_line' id='line_1_15' title="bbox 430 1784 1581 1865; baseline -0.002 -18"><span class='ocrx_word' id='word_1_113' title='bbox 430 1789 546 1865; x_wconf 89' lang='lat' dir='ltr'>patrem</span> <span class='ocrx_word' id='word_1_114' title='bbox 571 1784 725 1848; x_wconf 89' lang='lat' dir='ltr'>occultum</span> <span class='ocrx_word' id='word_1_115' title='bbox 750 1784 887 1865; x_wconf 88' lang='lat' dir='ltr'>prodidit</span> <span class='ocrx_word' id='word_1_116' title='bbox 911 1789 939 1847; x_wconf 88' lang='lat' dir='ltr'>et</span> <span class='ocrx_word' id='word_1_117' title='bbox 955 1804 1005 1847; x_wconf 92' lang='lat' dir='ltr'>me</span> <span class='ocrx_word' id='word_1_118' title='bbox 1021 1786 1129 1848; x_wconf 92' lang='lat' dir='ltr'>mortis</span> <span class='ocrx_word' id='word_1_119' title='bbox 1144 1785 1292 1849; x_wconf 88' lang='lat' dir='ltr'>sententie</span> <span class='ocrx_word' id='word_1_120' title='bbox 1308 1784 1498 1864; x_wconf 89' lang='lat' dir='ltr'>mancipavit.</span> <span class='ocrx_word' id='word_1_121' title='bbox 1580 1816 1581 1831; x_wconf 61' lang='lat'>,</span> 
     </span>
     <span class='ocr_line' id='line_1_16' title="bbox 432 1872 1581 1959; baseline 0 -24"><span class='ocrx_word' id='word_1_122' title='bbox 432 1872 504 1936; x_wconf 92' lang='lat' dir='ltr'>ldeo</span> <span class='ocrx_word' id='word_1_123' title='bbox 528 1873 770 1954; x_wconf 89' lang='lat' dir='ltr'>sapientissimus</span> <span class='ocrx_word' id='word_1_124' title='bbox 793 1873 921 1954; x_wconf 92' lang='lat' dir='ltr'>quidam</span> <span class='ocrx_word' id='word_1_125' title='bbox 945 1874 1019 1937; x_wconf 92' lang='lat' dir='ltr'>olim</span> <span class='ocrx_word' id='word_1_126' title='bbox 1043 1874 1143 1936; x_wconf 90' lang='lat' dir='ltr'>tilium</span> <span class='ocrx_word' id='word_1_127' title='bbox 1168 1891 1259 1937; x_wconf 90' lang='lat' dir='ltr'>suum</span> <span class='ocrx_word' id='word_1_128' title='bbox 1284 1873 1407 1951; x_wconf 89' lang='lat' dir='ltr'>docens,</span> <span class='ocrx_word' id='word_1_129' title='bbox 1431 1891 1498 1936; x_wconf 92' lang='lat' dir='ltr'>eam</span> <span class='ocrx_word' id='word_1_130' title='bbox 1580 1924 1581 1959; x_wconf 20' lang='grc' dir='ltr'><strong><em>ᾖ</em></strong></span> 
     </span>
     <span class='ocr_line' id='line_1_17' title="bbox 431 1961 1581 2042; baseline -0.002 -17"><span class='ocrx_word' id='word_1_131' title='bbox 431 1962 571 2040; x_wconf 89' lang='lat' dir='ltr'>maxime,</span> <span class='ocrx_word' id='word_1_132' title='bbox 595 1980 656 2042; x_wconf 91' lang='lat' dir='ltr'>que</span> <span class='ocrx_word' id='word_1_133' title='bbox 680 1962 712 2024; x_wconf 94' lang='lat' dir='ltr'>in</span> <span class='ocrx_word' id='word_1_134' title='bbox 735 1963 806 2026; x_wconf 90' lang='lat' dir='ltr'>sinu</span> <span class='ocrx_word' id='word_1_135' title='bbox 830 1981 889 2027; x_wconf 89' lang='lat' dir='ltr'>suo</span> <span class='ocrx_word' id='word_1_136' title='bbox 905 1964 1037 2041; x_wconf 84' lang='lat' dir='ltr'>cubaret,</span> <span class='ocrx_word' id='word_1_137' title='bbox 1062 1961 1227 2027; x_wconf 89' lang='lat' dir='ltr'>cavendam</span> <span class='ocrx_word' id='word_1_138' title='bbox 1249 1980 1316 2026; x_wconf 88' lang='lat' dir='ltr'>csse</span> <span class='ocrx_word' id='word_1_139' title='bbox 1336 1961 1499 2039; x_wconf 87' lang='lat' dir='ltr'>mandavit,</span> <span class='ocrx_word' id='word_1_140' title='bbox 1580 1962 1581 1985; x_wconf 44' lang='lat' dir='ltr'>i</span> 
     </span>
    </p>
   </div>
   <div class='ocr_carea' id='block_1_11' title="bbox 376 2050 1500 2131">
    <p class='ocr_par' dir='ltr' id='par_1_11' title="bbox 376 2050 1500 2131">
     <span class='ocr_line' id='line_1_18' title="bbox 376 2050 1500 2131; baseline -0.004 -14"><span class='ocrx_word' id='word_1_141' title='bbox 376 2069 417 2117; x_wconf 81' lang='lat' dir='ltr'>uso</span> <span class='ocrx_word' id='word_1_142' title='bbox 432 2068 561 2115; x_wconf 89' lang='lat' dir='ltr'>uxorem</span> <span class='ocrx_word' id='word_1_143' title='bbox 585 2050 732 2129; x_wconf 91' lang='lat' dir='ltr'>videlicet,</span> <span class='ocrx_word' id='word_1_144' title='bbox 756 2052 804 2113; x_wconf 90' lang='lat' dir='ltr'>vei</span> <span class='ocrx_word' id='word_1_145' title='bbox 829 2052 1082 2131; x_wconf 86' lang='lat' dir='ltr'>pseudoamicum</span> <span class='ocrx_word' id='word_1_146' title='bbox 1107 2052 1233 2131; x_wconf 85' lang='lat' dir='ltr'>intelligi</span> <span class='ocrx_word' id='word_1_147' title='bbox 1258 2052 1373 2117; x_wconf 90' lang='lat' dir='ltr'>volens.</span> <span class='ocrx_word' id='word_1_148' title='bbox 1416 2050 1500 2115; x_wconf 88' lang='lat' dir='ltr'>Cum</span> 
     </span>
    </p>
   </div>
   <div class='ocr_carea' id='block_1_12' title="bbox 378 2139 1581 2579">
    <p class='ocr_par' dir='ltr' id='par_1_12' title="bbox 378 2139 1581 2579">
     <span class='ocr_line' id='line_1_19' title="bbox 431 2139 1581 2219; baseline -0.001 -15"><span class='ocrx_word' id='word_1_149' title='bbox 431 2140 514 2204; x_wconf 91' lang='lat' dir='ltr'>enim</span> <span class='ocrx_word' id='word_1_150' title='bbox 531 2139 683 2204; x_wconf 86' lang='lat' dir='ltr'>manifesti</span> <span class='ocrx_word' id='word_1_151' title='bbox 700 2139 815 2203; x_wconf 91' lang='lat' dir='ltr'>inimici</span> <span class='ocrx_word' id='word_1_152' title='bbox 832 2141 920 2204; x_wconf 90' lang='lat' dir='ltr'>facile</span> <span class='ocrx_word' id='word_1_153' title='bbox 935 2146 1106 2219; x_wconf 89' lang='lat' dir='ltr'>caveantur,</span> <span class='ocrx_word' id='word_1_154' title='bbox 1130 2159 1259 2204; x_wconf 89' lang='lat' dir='ltr'>uxorem</span> <span class='ocrx_word' id='word_1_155' title='bbox 1275 2144 1328 2204; x_wconf 92' lang='lat' dir='ltr'>aut</span> <span class='ocrx_word' id='word_1_156' title='bbox 1350 2140 1500 2203; x_wconf 92' lang='lat' dir='ltr'>blandum</span> <span class='ocrx_word' id='word_1_157' title='bbox 1580 2180 1581 2185; x_wconf 21' lang='grc' dir='ltr'><strong>κ</strong></span> 
     </span>
     <span class='ocr_line' id='line_1_20' title="bbox 432 2229 1581 2311; baseline -0.001 -19"><span class='ocrx_word' id='word_1_158' title='bbox 432 2230 599 2307; x_wconf 91' lang='lat' dir='ltr'>inimicum,</span> <span class='ocrx_word' id='word_1_159' title='bbox 624 2229 677 2310; x_wconf 94' lang='lat' dir='ltr'>qui</span> <span class='ocrx_word' id='word_1_160' title='bbox 701 2247 824 2310; x_wconf 90' lang='lat' dir='ltr'>semper</span> <span class='ocrx_word' id='word_1_161' title='bbox 846 2230 1037 2307; x_wconf 92' lang='lat' dir='ltr'>incumbunt,</span> <span class='ocrx_word' id='word_1_162' title='bbox 1063 2230 1166 2293; x_wconf 93' lang='lat' dir='ltr'>nullus</span> <span class='ocrx_word' id='word_1_163' title='bbox 1181 2230 1275 2293; x_wconf 90' lang='lat' dir='ltr'>vitare</span> <span class='ocrx_word' id='word_1_164' title='bbox 1299 2234 1405 2311; x_wconf 88' lang='lat' dir='ltr'>potest,</span> <span class='ocrx_word' id='word_1_165' title='bbox 1428 2230 1503 2309; x_wconf 90' lang='lat' dir='ltr'>quia</span> <span class='ocrx_word' id='word_1_166' title='bbox 1580 2254 1581 2265; x_wconf 51' lang='lat'>¹</span> 
     </span>
     <span class='ocr_line' id='line_1_21' title="bbox 431 2318 1581 2383; baseline 0 -2"><span class='ocrx_word' id='word_1_167' title='bbox 431 2336 568 2382; x_wconf 88' lang='lat' dir='ltr'>amorem</span> <span class='ocrx_word' id='word_1_168' title='bbox 597 2319 900 2383; x_wconf 91' lang='lat' dir='ltr'>vehementissimum</span> <span class='ocrx_word' id='word_1_169' title='bbox 933 2337 986 2382; x_wconf 90' lang='lat' dir='ltr'>ore</span> <span class='ocrx_word' id='word_1_170' title='bbox 1017 2319 1162 2383; x_wconf 88' lang='lat' dir='ltr'>simulant</span> <span class='ocrx_word' id='word_1_171' title='bbox 1191 2322 1220 2381; x_wconf 92' lang='lat' dir='ltr'>et</span> <span class='ocrx_word' id='word_1_172' title='bbox 1250 2318 1344 2382; x_wconf 91' lang='lat' dir='ltr'>corde</span> <span class='ocrx_word' id='word_1_173' title='bbox 1375 2318 1502 2382; x_wconf 87' lang='lat' dir='ltr'>insidias</span> <span class='ocrx_word' id='word_1_174' title='bbox 1580 2342 1581 2381; x_wconf 73' lang='grc' dir='ltr'><strong>ς</strong></span> 
     </span>
     <span class='ocr_line' id='line_1_22' title="bbox 433 2406 1581 2488; baseline 0.001 -19"><span class='ocrx_word' id='word_1_175' title='bbox 433 2408 652 2471; x_wconf 90' lang='lat' dir='ltr'>machinantur.</span> <span class='ocrx_word' id='word_1_176' title='bbox 711 2406 774 2475; x_wconf 87' lang='lat' dir='ltr'>Rex</span> <span class='ocrx_word' id='word_1_177' title='bbox 809 2413 910 2471; x_wconf 90' lang='lat' dir='ltr'>autem</span> <span class='ocrx_word' id='word_1_178' title='bbox 946 2408 996 2471; x_wconf 92' lang='lat' dir='ltr'>ille</span> <span class='ocrx_word' id='word_1_179' title='bbox 1031 2408 1343 2488; x_wconf 71' lang='lat' dir='ltr'>subtili[154²]tatem</span> <span class='ocrx_word' id='word_1_180' title='bbox 1382 2407 1503 2470; x_wconf 92' lang='lat' dir='ltr'>iuvenis</span> <span class='ocrx_word' id='word_1_181' title='bbox 1580 2430 1581 2433; x_wconf 43' lang='lat'>¹</span> 
     </span>
     <span class='ocr_line' id='line_1_23' title="bbox 378 2497 1581 2579; baseline -0.002 -17"><span class='ocrx_word' id='word_1_182' title='bbox 378 2514 420 2562; x_wconf 77' lang='lat' dir='ltr'>aaa</span> <span class='ocrx_word' id='word_1_183' title='bbox 434 2498 619 2576; x_wconf 84' lang='lat' dir='ltr'>ammiratus,</span> <span class='ocrx_word' id='word_1_184' title='bbox 659 2497 893 2579; x_wconf 85' lang='lat' dir='ltr'>intelligensque</span> <span class='ocrx_word' id='word_1_185' title='bbox 927 2498 1081 2562; x_wconf 91' lang='lat' dir='ltr'>veritatem</span> <span class='ocrx_word' id='word_1_186' title='bbox 1111 2498 1273 2576; x_wconf 91' lang='lat' dir='ltr'>dictorum,</span> <span class='ocrx_word' id='word_1_187' title='bbox 1311 2500 1503 2562; x_wconf 85' lang='lat' dir='ltr'>accusatores</span> <span class='ocrx_word' id='word_1_188' title='bbox 1580 2510 1581 2572; x_wconf 77' lang='grc' dir='ltr'><strong>Ῑ</strong></span> 
     </span>
    </p>
   </div>
   <div class='ocr_carea' id='block_1_13' title="bbox 379 2587 1506 3203">
    <p class='ocr_par' dir='ltr' id='par_1_13' title="bbox 379 2587 1506 3203">
     <span class='ocr_line' id='line_1_24' title="bbox 434 2587 1503 2667; baseline 0 -18"><span class='ocrx_word' id='word_1_189' title='bbox 434 2588 500 2650; x_wconf 91' lang='lat' dir='ltr'>eius</span> <span class='ocrx_word' id='word_1_190' title='bbox 539 2588 687 2667; x_wconf 89' lang='lat' dir='ltr'>prevenit:</span> <span class='ocrx_word' id='word_1_191' title='bbox 726 2587 824 2664; x_wconf 91' lang='lat' dir='ltr'>Vade,</span> <span class='ocrx_word' id='word_1_192' title='bbox 863 2588 1008 2667; x_wconf 90' lang='lat' dir='ltr'>inquiens</span> <span class='ocrx_word' id='word_1_193' title='bbox 1042 2589 1080 2651; x_wconf 91' lang='lat' dir='ltr'>ad</span> <span class='ocrx_word' id='word_1_194' title='bbox 1117 2588 1231 2667; x_wconf 89' lang='lat' dir='ltr'>ipsum,</span> <span class='ocrx_word' id='word_1_195' title='bbox 1270 2605 1399 2650; x_wconf 90' lang='lat' dir='ltr'>securus</span> <span class='ocrx_word' id='word_1_196' title='bbox 1437 2591 1503 2650; x_wconf 91' lang='lat' dir='ltr'>esto</span> 
     </span>
     <span class='ocr_line' id='line_1_25' title="bbox 434 2675 1504 2757; baseline 0.001 -19"><span class='ocrx_word' id='word_1_197' title='bbox 434 2681 612 2757; x_wconf 90' lang='lat' dir='ltr'>patremque</span> <span class='ocrx_word' id='word_1_198' title='bbox 628 2681 724 2755; x_wconf 91' lang='lat' dir='ltr'>tuum,</span> <span class='ocrx_word' id='word_1_199' title='bbox 740 2676 765 2740; x_wconf 91' lang='lat' dir='ltr'>si</span> <span class='ocrx_word' id='word_1_200' title='bbox 781 2677 884 2740; x_wconf 88' lang='lat' dir='ltr'>adhuc</span> <span class='ocrx_word' id='word_1_201' title='bbox 895 2677 976 2755; x_wconf 89' lang='lat' dir='ltr'>vivit,</span> <span class='ocrx_word' id='word_1_202' title='bbox 994 2695 1057 2741; x_wconf 93' lang='lat' dir='ltr'>non</span> <span class='ocrx_word' id='word_1_203' title='bbox 1074 2677 1199 2740; x_wconf 88' lang='lat' dir='ltr'>differas</span> <span class='ocrx_word' id='word_1_204' title='bbox 1215 2675 1327 2740; x_wconf 91' lang='lat' dir='ltr'>nostris</span> <span class='ocrx_word' id='word_1_205' title='bbox 1342 2675 1504 2740; x_wconf 90' lang='lat' dir='ltr'>sollenniis</span> 
     </span>
     <span class='ocr_line' id='line_1_26' title="bbox 433 2765 1503 2847; baseline -0.003 -18"><span class='ocrx_word' id='word_1_206' title='bbox 433 2767 585 2830; x_wconf 88' lang='lat' dir='ltr'>exhibere.</span> <span class='ocrx_word' id='word_1_207' title='bbox 634 2766 793 2829; x_wconf 90' lang='lat' dir='ltr'>Deductus</span> <span class='ocrx_word' id='word_1_208' title='bbox 823 2783 898 2845; x_wconf 87' lang='lat' dir='ltr'>ergo</span> <span class='ocrx_word' id='word_1_209' title='bbox 929 2785 1022 2830; x_wconf 88' lang='lat' dir='ltr'>senex</span> <span class='ocrx_word' id='word_1_210' title='bbox 1053 2768 1091 2830; x_wconf 93' lang='lat' dir='ltr'>de</span> <span class='ocrx_word' id='word_1_211' title='bbox 1121 2784 1214 2847; x_wconf 89' lang='lat' dir='ltr'>specu</span> <span class='ocrx_word' id='word_1_212' title='bbox 1245 2765 1288 2829; x_wconf 91' lang='lat' dir='ltr'>ob</span> <span class='ocrx_word' id='word_1_213' title='bbox 1319 2765 1503 2827; x_wconf 88' lang='lat' dir='ltr'>immensam</span> 
     </span>
     <span class='ocr_line' id='line_1_27' title="bbox 433 2853 1504 2936; baseline -0.005 -16"><span class='ocrx_word' id='word_1_214' title='bbox 433 2855 612 2936; x_wconf 89' lang='lat' dir='ltr'>sapientiam</span> <span class='ocrx_word' id='word_1_215' title='bbox 644 2860 728 2936; x_wconf 91' lang='lat' dir='ltr'>pater</span> <span class='ocrx_word' id='word_1_216' title='bbox 751 2855 837 2918; x_wconf 92' lang='lat' dir='ltr'>urbis</span> <span class='ocrx_word' id='word_1_217' title='bbox 865 2855 1022 2936; x_wconf 88' lang='lat' dir='ltr'>patrieque</span> <span class='ocrx_word' id='word_1_218' title='bbox 1051 2856 1143 2919; x_wconf 92' lang='lat' dir='ltr'>iudex</span> <span class='ocrx_word' id='word_1_219' title='bbox 1164 2873 1182 2917; x_wconf 89' lang='lat' dir='ltr'>a</span> <span class='ocrx_word' id='word_1_220' title='bbox 1206 2873 1278 2934; x_wconf 87' lang='lat' dir='ltr'>rege</span> <span class='ocrx_word' id='word_1_221' title='bbox 1301 2853 1504 2929; x_wconf 90' lang='lat' dir='ltr'>constituitur,</span> 
     </span>
     <span class='ocr_line' id='line_1_28' title="bbox 379 2942 1506 3025; baseline -0.005 -15"><span class='ocrx_word' id='word_1_222' title='bbox 379 2962 421 3010; x_wconf 79' lang='lat' dir='ltr'>aro</span> <span class='ocrx_word' id='word_1_223' title='bbox 435 2946 489 3025; x_wconf 94' lang='lat' dir='ltr'>qui</span> <span class='ocrx_word' id='word_1_224' title='bbox 514 2946 544 3007; x_wconf 94' lang='lat' dir='ltr'>in</span> <span class='ocrx_word' id='word_1_225' title='bbox 568 2945 654 3008; x_wconf 91' lang='lat' dir='ltr'>brevi</span> <span class='ocrx_word' id='word_1_226' title='bbox 687 2945 769 3024; x_wconf 87' lang='lat' dir='ltr'>leges</span> <span class='ocrx_word' id='word_1_227' title='bbox 792 2949 821 3007; x_wconf 90' lang='lat' dir='ltr'>et</span> <span class='ocrx_word' id='word_1_228' title='bbox 844 2945 910 3007; x_wconf 88' lang='lat' dir='ltr'>iura</span> <span class='ocrx_word' id='word_1_229' title='bbox 932 2945 971 3007; x_wconf 93' lang='lat' dir='ltr'>ad</span> <span class='ocrx_word' id='word_1_230' title='bbox 995 2945 1155 3025; x_wconf 90' lang='lat' dir='ltr'>antiquum</span> <span class='ocrx_word' id='word_1_231' title='bbox 1180 2949 1289 3008; x_wconf 88' lang='lat' dir='ltr'>statum</span> <span class='ocrx_word' id='word_1_232' title='bbox 1315 2942 1445 3021; x_wconf 89' lang='lat' dir='ltr'>reduxit,</span> <span class='ocrx_word' id='word_1_233' title='bbox 1478 2946 1506 3004; x_wconf 90' lang='lat' dir='ltr'>et</span> 
     </span>
     <span class='ocr_line' id='line_1_29' title="bbox 434 3031 1504 3114; baseline -0.004 -18"><span class='ocrx_word' id='word_1_234' title='bbox 434 3036 543 3098; x_wconf 89' lang='lat' dir='ltr'>evulsit</span> <span class='ocrx_word' id='word_1_235' title='bbox 566 3052 679 3114; x_wconf 90' lang='lat' dir='ltr'>pravos</span> <span class='ocrx_word' id='word_1_236' title='bbox 702 3051 813 3112; x_wconf 88' lang='lat' dir='ltr'>mores,</span> <span class='ocrx_word' id='word_1_237' title='bbox 837 3035 940 3097; x_wconf 89' lang='lat' dir='ltr'>bonos</span> <span class='ocrx_word' id='word_1_238' title='bbox 956 3034 1091 3112; x_wconf 89' lang='lat' dir='ltr'>inseruit,</span> <span class='ocrx_word' id='word_1_239' title='bbox 1114 3032 1273 3097; x_wconf 89' lang='lat' dir='ltr'>discordes</span> <span class='ocrx_word' id='word_1_240' title='bbox 1288 3033 1444 3096; x_wconf 84' lang='lat' dir='ltr'>revocavit</span> <span class='ocrx_word' id='word_1_241' title='bbox 1466 3031 1504 3094; x_wconf 86' lang='lat' dir='ltr'>ad</span> 
     </span>
     <span class='ocr_line' id='line_1_30' title="bbox 435 3123 1410 3203; baseline -0.002 -17"><span class='ocrx_word' id='word_1_242' title='bbox 435 3141 539 3203; x_wconf 89' lang='lat' dir='ltr'>pacem</span> <span class='ocrx_word' id='word_1_243' title='bbox 564 3125 741 3202; x_wconf 91' lang='lat' dir='ltr'>multosque</span> <span class='ocrx_word' id='word_1_244' title='bbox 764 3124 901 3187; x_wconf 92' lang='lat' dir='ltr'>moriens</span> <span class='ocrx_word' id='word_1_245' title='bbox 925 3123 1047 3203; x_wconf 91' lang='lat' dir='ltr'>reliquit</span> <span class='ocrx_word' id='word_1_246' title='bbox 1070 3123 1215 3186; x_wconf 90' lang='lat' dir='ltr'>virtutum</span> <span class='ocrx_word' id='word_1_247' title='bbox 1240 3126 1410 3187; x_wconf 88' lang='lat' dir='ltr'>sectatores.</span> 
     </span>
    </p>
   </div>
   <div class='ocr_carea' id='block_1_14' title="bbox 833 3265 1097 3346">
    <p class='ocr_par' dir='ltr' id='par_1_14' title="bbox 833 3265 1097 3346">
     <span class='ocr_line' id='line_1_31' title="bbox 833 3265 1097 3346; baseline 0.004 -18"><span class='ocrx_word' id='word_1_248' title='bbox 833 3272 861 3330; x_wconf 79' lang='lat' dir='ltr'>a.</span> <span class='ocrx_word' id='word_1_249' title='bbox 900 3266 954 3345; x_wconf 76' lang='lat' dir='ltr'>r:</span> <span class='ocrx_word' id='word_1_250' title='bbox 978 3265 1007 3330; x_wconf 91' lang='lat' dir='ltr'>s.</span> <span class='ocrx_word' id='word_1_251' title='bbox 1034 3266 1097 3346; x_wconf 80' lang='lat' dir='ltr'>sn]</span> 
     </span>
    </p>
   </div>
   <div class='ocr_carea' id='block_1_15' title="bbox 381 3387 1506 4091">
    <p class='ocr_par' dir='ltr' id='par_1_15' title="bbox 526 3387 1504 3470">
     <span class='ocr_line' id='line_1_32' title="bbox 526 3387 1504 3470; baseline 0 -20"><span class='ocrx_word' id='word_1_252' title='bbox 526 3390 596 3452; x_wconf 80' lang='lat' dir='ltr'>Fuit</span> <span class='ocrx_word' id='word_1_253' title='bbox 616 3389 774 3468; x_wconf 91' lang='lat' dir='ltr'>quondam</span> <span class='ocrx_word' id='word_1_254' title='bbox 800 3389 913 3452; x_wconf 90' lang='lat' dir='ltr'>nobilis</span> <span class='ocrx_word' id='word_1_255' title='bbox 929 3390 1020 3452; x_wconf 88' lang='lat' dir='ltr'>viret</span> <span class='ocrx_word' id='word_1_256' title='bbox 1041 3394 1149 3470; x_wconf 89' lang='lat' dir='ltr'>potens</span> <span class='ocrx_word' id='word_1_257' title='bbox 1165 3387 1320 3452; x_wconf 89' lang='lat' dir='ltr'>castellum</span> <span class='ocrx_word' id='word_1_258' title='bbox 1337 3387 1504 3450; x_wconf 90' lang='lat' dir='ltr'>munitissi-</span> 
     </span>
    </p>

    <p class='ocr_par' dir='ltr' id='par_1_16' title="bbox 381 3476 1506 4091">
     <span class='ocr_line' id='line_1_33' title="bbox 436 3476 1505 3559; baseline -0.002 -20"><span class='ocrx_word' id='word_1_259' title='bbox 436 3496 521 3539; x_wconf 90' lang='lat' dir='ltr'>mum</span> <span class='ocrx_word' id='word_1_260' title='bbox 545 3479 680 3559; x_wconf 89' lang='lat' dir='ltr'>aliasque</span> <span class='ocrx_word' id='word_1_261' title='bbox 704 3478 814 3541; x_wconf 91' lang='lat' dir='ltr'>multas</span> <span class='ocrx_word' id='word_1_262' title='bbox 838 3479 1049 3559; x_wconf 88' lang='lat' dir='ltr'>possessiones</span> <span class='ocrx_word' id='word_1_263' title='bbox 1073 3479 1198 3542; x_wconf 89' lang='lat' dir='ltr'>habens.</span> <span class='ocrx_word' id='word_1_264' title='bbox 1247 3476 1329 3539; x_wconf 84' lang='lat' dir='ltr'>Huic</span> <span class='ocrx_word' id='word_1_265' title='bbox 1351 3476 1415 3539; x_wconf 88' lang='lat' dir='ltr'>tilia</span> <span class='ocrx_word' id='word_1_266' title='bbox 1440 3476 1505 3540; x_wconf 88' lang='lat' dir='ltr'>sola</span> 
     </span>
     <span class='ocr_line' id='line_1_34' title="bbox 381 3565 1506 3649; baseline -0.004 -18"><span class='ocrx_word' id='word_1_267' title='bbox 381 3583 422 3631; x_wconf 79' lang='lat' dir='ltr'>aas</span> <span class='ocrx_word' id='word_1_268' title='bbox 438 3586 474 3631; x_wconf 93' lang='lat' dir='ltr'>ex</span> <span class='ocrx_word' id='word_1_269' title='bbox 502 3585 597 3630; x_wconf 90' lang='lat' dir='ltr'>uxore</span> <span class='ocrx_word' id='word_1_270' title='bbox 628 3568 729 3630; x_wconf 90' lang='lat' dir='ltr'>relicta</span> <span class='ocrx_word' id='word_1_271' title='bbox 760 3567 864 3645; x_wconf 91' lang='lat' dir='ltr'>fuerat,</span> <span class='ocrx_word' id='word_1_272' title='bbox 897 3585 989 3647; x_wconf 88' lang='lat' dir='ltr'>quam</span> <span class='ocrx_word' id='word_1_273' title='bbox 1023 3569 1095 3649; x_wconf 92' lang='lat' dir='ltr'>ipse,</span> <span class='ocrx_word' id='word_1_274' title='bbox 1126 3585 1196 3631; x_wconf 93' lang='lat' dir='ltr'>cum</span> <span class='ocrx_word' id='word_1_275' title='bbox 1228 3566 1348 3628; x_wconf 93' lang='lat' dir='ltr'>nullum</span> <span class='ocrx_word' id='word_1_276' title='bbox 1381 3565 1506 3629; x_wconf 90' lang='lat' dir='ltr'>haberet</span> 
     </span>
     <span class='ocr_line' id='line_1_35' title="bbox 437 3654 1505 3735; baseline -0.002 -17"><span class='ocrx_word' id='word_1_277' title='bbox 437 3655 589 3735; x_wconf 90' lang='lat' dir='ltr'>heredem,</span> <span class='ocrx_word' id='word_1_278' title='bbox 620 3656 798 3719; x_wconf 90' lang='lat' dir='ltr'>liberalibus</span> <span class='ocrx_word' id='word_1_279' title='bbox 824 3657 941 3720; x_wconf 91' lang='lat' dir='ltr'>artibus</span> <span class='ocrx_word' id='word_1_280' title='bbox 965 3657 1097 3721; x_wconf 89' lang='lat' dir='ltr'>decrevit</span> <span class='ocrx_word' id='word_1_281' title='bbox 1120 3654 1329 3731; x_wconf 92' lang='lat' dir='ltr'>imbuendam,</span> <span class='ocrx_word' id='word_1_282' title='bbox 1361 3655 1505 3734; x_wconf 90' lang='lat' dir='ltr'>quatinus</span> 
     </span>
     <span class='ocr_line' id='line_1_36' title="bbox 436 3743 1504 3826; baseline -0.002 -19"><span class='ocrx_word' id='word_1_283' title='bbox 436 3763 472 3807; x_wconf 91' lang='lat' dir='ltr'>ex</span> <span class='ocrx_word' id='word_1_284' title='bbox 506 3746 616 3808; x_wconf 91' lang='lat' dir='ltr'>artium</span> <span class='ocrx_word' id='word_1_285' title='bbox 651 3744 813 3825; x_wconf 90' lang='lat' dir='ltr'>disciplina</span> <span class='ocrx_word' id='word_1_286' title='bbox 847 3746 1170 3826; x_wconf 90' lang='lat' dir='ltr'>philosophorumque</span> <span class='ocrx_word' id='word_1_287' title='bbox 1201 3743 1285 3808; x_wconf 91' lang='lat' dir='ltr'>libris</span> <span class='ocrx_word' id='word_1_288' title='bbox 1316 3743 1504 3823; x_wconf 90' lang='lat' dir='ltr'>sapientiam,</span> 
     </span>
     <span class='ocr_line' id='line_1_37' title="bbox 436 3835 1504 3915; baseline -0.001 -20"><span class='ocrx_word' id='word_1_289' title='bbox 436 3851 497 3913; x_wconf 92' lang='lat' dir='ltr'>que</span> <span class='ocrx_word' id='word_1_290' title='bbox 528 3835 637 3898; x_wconf 89' lang='lat' dir='ltr'>melior</span> <span class='ocrx_word' id='word_1_291' title='bbox 664 3838 709 3897; x_wconf 91' lang='lat' dir='ltr'>est</span> <span class='ocrx_word' id='word_1_292' title='bbox 739 3835 918 3898; x_wconf 90' lang='lat' dir='ltr'>tortitudine</span> <span class='ocrx_word' id='word_1_293' title='bbox 948 3839 1107 3911; x_wconf 91' lang='lat' dir='ltr'>mutuaret,</span> <span class='ocrx_word' id='word_1_294' title='bbox 1138 3853 1192 3915; x_wconf 89' lang='lat' dir='ltr'>per</span> <span class='ocrx_word' id='word_1_295' title='bbox 1223 3851 1315 3913; x_wconf 88' lang='lat' dir='ltr'>quam</span> <span class='ocrx_word' id='word_1_296' title='bbox 1348 3835 1504 3912; x_wconf 88' lang='lat' dir='ltr'>paternam</span> 
     </span>
     <span class='ocr_line' id='line_1_38' title="bbox 435 3920 1503 4005; baseline -0.005 -19"><span class='ocrx_word' id='word_1_297' title='bbox 435 3922 525 3986; x_wconf 91' lang='lat' dir='ltr'>sciret</span> <span class='ocrx_word' id='word_1_298' title='bbox 555 3923 750 3986; x_wconf 91' lang='lat' dir='ltr'>hereditatem</span> <span class='ocrx_word' id='word_1_299' title='bbox 781 3924 868 4000; x_wconf 89' lang='lat' dir='ltr'>tueri,</span> <span class='ocrx_word' id='word_1_300' title='bbox 900 3924 985 4004; x_wconf 88' lang='lat' dir='ltr'>quod</span> <span class='ocrx_word' id='word_1_301' title='bbox 1018 3941 1109 4005; x_wconf 89' lang='lat' dir='ltr'>posse</span> <span class='ocrx_word' id='word_1_302' title='bbox 1139 3923 1231 3986; x_wconf 90' lang='lat' dir='ltr'>armis</span> <span class='ocrx_word' id='word_1_303' title='bbox 1261 3925 1313 3984; x_wconf 89' lang='lat' dir='ltr'>aut</span> <span class='ocrx_word' id='word_1_304' title='bbox 1335 3920 1455 3984; x_wconf 92' lang='lat' dir='ltr'>viribus</span> <span class='ocrx_word' id='word_1_305' title='bbox 1478 3921 1503 3982; x_wconf 89' lang='lat' dir='ltr'>ei</span> 
     </span>
     <span class='ocr_line' id='line_1_39' title="bbox 381 4009 1505 4091; baseline -0.004 -14"><span class='ocrx_word' id='word_1_306' title='bbox 381 4029 423 4077; x_wconf 82' lang='lat' dir='ltr'>seo</span> <span class='ocrx_word' id='word_1_307' title='bbox 438 4013 597 4077; x_wconf 90' lang='lat' dir='ltr'>muliebris</span> <span class='ocrx_word' id='word_1_308' title='bbox 628 4013 789 4076; x_wconf 87' lang='lat' dir='ltr'>infirmitas</span> <span class='ocrx_word' id='word_1_309' title='bbox 819 4013 990 4091; x_wconf 87' lang='lat' dir='ltr'>denegarat.</span> <span class='ocrx_word' id='word_1_310' title='bbox 1044 4013 1109 4075; x_wconf 89' lang='lat' dir='ltr'>Nec</span> <span class='ocrx_word' id='word_1_311' title='bbox 1139 4011 1244 4075; x_wconf 90' lang='lat' dir='ltr'>fefellit</span> <span class='ocrx_word' id='word_1_312' title='bbox 1274 4027 1345 4073; x_wconf 88' lang='lat' dir='ltr'>curn</span> <span class='ocrx_word' id='word_1_313' title='bbox 1381 4009 1413 4071; x_wconf 94' lang='lat' dir='ltr'>in</span> <span class='ocrx_word' id='word_1_314' title='bbox 1447 4010 1505 4072; x_wconf 93' lang='lat' dir='ltr'>hoc</span> 
     </span>
    </p>
   </div>
   <div class='ocr_carea' id='block_1_16' title="bbox 436 4083 1581 4182">
    <p class='ocr_par' dir='ltr' id='par_1_17' title="bbox 436 4083 1581 4182">
     <span class='ocr_line' id='line_1_40' title="bbox 436 4083 1581 4182; baseline -0.006 -16"><span class='ocrx_word' id='word_1_315' title='bbox 436 4120 508 4182; x_wconf 90' lang='lat' dir='ltr'>spes</span> <span class='ocrx_word' id='word_1_316' title='bbox 530 4121 593 4166; x_wconf 86' lang='lat' dir='ltr'>sua</span> <span class='ocrx_word' id='word_1_317' title='bbox 640 4103 767 4165; x_wconf 84' lang='lat' dir='ltr'>Tantam</span> <span class='ocrx_word' id='word_1_318' title='bbox 796 4101 949 4181; x_wconf 92' lang='lat' dir='ltr'>siquidem</span> <span class='ocrx_word' id='word_1_319' title='bbox 979 4100 1029 4163; x_wconf 91' lang='lat' dir='ltr'>illa</span> <span class='ocrx_word' id='word_1_320' title='bbox 1060 4101 1215 4164; x_wconf 89' lang='lat' dir='ltr'>scientiam</span> <span class='ocrx_word' id='word_1_321' title='bbox 1247 4098 1504 4178; x_wconf 90' lang='lat' dir='ltr'>subtilitatemque</span> <span class='ocrx_word' id='word_1_322' title='bbox 1580 4083 1581 4098; x_wconf 49' lang='lat'>¹</span> 
     </span>
    </p>
   </div>
   <div class='ocr_carea' id='block_1_17' title="bbox 438 4187 1504 4272">
    <p class='ocr_par' dir='ltr' id='par_1_18' title="bbox 438 4187 1504 4272">
     <span class='ocr_line' id='line_1_41' title="bbox 438 4187 1504 4272; baseline -0.005 -17"><span class='ocrx_word' id='word_1_323' title='bbox 438 4212 474 4255; x_wconf 92' lang='lat' dir='ltr'>ex</span> <span class='ocrx_word' id='word_1_324' title='bbox 497 4194 614 4258; x_wconf 91' lang='lat' dir='ltr'>artibus</span> <span class='ocrx_word' id='word_1_325' title='bbox 637 4191 824 4272; x_wconf 90' lang='lat' dir='ltr'>comparavit</span> <span class='ocrx_word' id='word_1_326' title='bbox 853 4194 886 4252; x_wconf 91' lang='lat' dir='ltr'>ut</span> <span class='ocrx_word' id='word_1_327' title='bbox 914 4189 1062 4267; x_wconf 84' lang='lat' dir='ltr'>magicam</span> <span class='ocrx_word' id='word_1_328' title='bbox 1087 4205 1213 4266; x_wconf 90' lang='lat' dir='ltr'>quoque</span> <span class='ocrx_word' id='word_1_329' title='bbox 1243 4192 1336 4250; x_wconf 89' lang='lat' dir='ltr'>artem</span> <span class='ocrx_word' id='word_1_330' title='bbox 1361 4187 1450 4250; x_wconf 92' lang='lat' dir='ltr'>nullo</span> <span class='ocrx_word' id='word_1_331' title='bbox 1473 4205 1504 4250; x_wconf 90' lang='lat' dir='ltr'>se</span> 
     </span>
    </p>
   </div>
   <div class='ocr_carea' id='block_1_18' title="bbox 1570 4519 1581 4642">
    <p class='ocr_par' dir='ltr' id='par_1_19' title="bbox 1570 4263 1581 4642">
     <span class='ocr_line' id='line_1_42' title="bbox 1570 4519 1581 4642; baseline 0 0"><span class='ocrx_word' id='word_1_332' title='bbox 1570 4519 1581 4642; x_wconf 60' lang='lat' dir='ltr'>r</span> 
     </span>
    </p>
   </div>
   <div class='ocr_carea' id='block_1_19' title="bbox 0 0 1777 5025">
    <p class='ocr_par' dir='ltr' id='par_1_20' title="bbox 0 0 1777 5025">
     <span class='ocr_line' id='line_1_43' title="bbox 0 0 1777 5025; baseline 0 0"><span class='ocrx_word' id='word_1_333' title='bbox 0 0 1777 5025; x_wconf 95' lang='lat' dir='ltr'> </span> 
     </span>
    </p>
   </div>
  </div>
 </body>
</html>
