3525 5025
762 524 960 581 ..3-

836 696 886 758 Xl.

437 836 466 882 5ο
489 819 679 900 Tempestate
701 824 774 898 orta,
799 838 857 884 nos
879 826 1026 885 ventosus
1047 821 1135 886 turor

490 908 520 970 in
542 909 673 972 vadosas
695 910 782 973 sirtes
805 910 898 973 nimis
920 910 1019 975 fessos
1041 911 1110 992 egit,

489 1002 517 1059 et
541 1015 599 1061 nos
623 1015 732 1062 omnes
754 999 886 1079 graviter

489 1086 534 1149 sol
558 1090 664 1164 torret;
687 1091 717 1150 at
739 1087 790 1151 ille
812 1092 883 1152 tuus
907 1092 995 1152 natus
1018 1088 1212 1169 liquescebat.

831 1266 896 1328 xll.

489 1387 539 1452 Sic
562 1388 712 1469 perfidam
737 1389 856 1454 Suevos
879 1392 1045 1471 coniugem
1068 1390 1227 1468 deluserat

436 1495 466 1541 55
488 1478 532 1539 sic
554 1477 638 1540 fraus
660 1477 799 1542 fraudem
822 1480 942 1543 vicerat

489 1584 560 1629 nam
584 1585 676 1648 quem
701 1568 808 1648 genuit
825 1569 886 1646 nix,
911 1573 989 1632 recte
1012 1569 1096 1633 hunc
1117 1570 1164 1633 sol
1188 1569 1342 1651 liqueticit

783 1748 943 1755 --.-.————-

743 1868 776 1933 2.
812 1867 982 1938 lltroten.

675 1989 773 2046 (Haupts
786 1990 914 2036 lcitschrilt
927 1991 985 2046 XIV,
1001 1993 1058 2044 411.)

878 2121 898 2182 Ι.

597 2243 780 2307 Mendosam
805 2262 899 2325 quam
923 2246 1103 2309 cantilenam
1126 2264 1195 2328 ago,

597 2333 734 2413 puerulis
758 2338 990 2397 commentatam
1015 2335 1107 2414 dabo,

596 2439 660 2501 quo
684 2421 830 2485 modulos
853 2441 908 2503 per
933 2423 1095 2488 mendaces
1118 2424 1213 2489 risum

595 2510 786 2575 auditoribus
810 2510 964 2593 ingentem
988 2514 1093 2578 terant

868 2674 902 2736 11.

558 2814 573 2859 5
597 2796 742 2860 Liberalis
765 2800 794 2859 et
815 2796 928 2861 decora

597 2885 718 2950 cuidam
743 2887 808 2966 regi
831 2890 895 2949 erat
918 2891 993 2965 nata,

596 2993 688 3055 quam
713 2976 773 3039 sub
798 2975 865 3056 lege
889 2976 982 3055 hujus
1006 2977 1091 3040 modi

596 3063 698 3144 procis
721 3065 853 3147 obponit
876 3065 1079 3145 querendam:

865 3226 912 3288 lll.

595 3347 636 3426 ‚Si
660 3349 730 3429 quis
753 3349 920 3413 mentiendi
944 3368 1059 3431 gnarus

547 3455 574 3500 ιο
597 3437 796 3518 usqueadeo
822 3439 911 3502 instet
933 3440 1076 3517 fallendo,

594 3525 670 3588 dum
694 3527 803 3591 cesaris
826 3545 880 3590 ore
903 3529 993 3592 fallax

594 3615 767 3696 predicitur,
792 3616 818 3679 is
839 3616 930 3680 ducat
952 3619 1066 3683 tiliam‘.

862 3778 909 3841 tv.

596 3899 670 3973 Quo
694 3900 809 3978 audito,
833 3900 954 3966 Suevus

596 3989 638 4051 nil
663 3993 800 4052 moratus
823 3990 938 4071 inquit:

546 4094 573 4139 15
596 4077 689 4158 raptis
711 4079 804 4142 armis
827 4098 887 4158 ego

596 4185 666 4229 cum
689 4171 833 4230 venatum
857 4169 942 4232 solus
966 4171 1050 4248 irem,

597 4255 774 4336 lepusculus
801 4257 879 4320 inter
901 4258 980 4321 teras
