<?xml version="1.0" encoding="UTF-8"?>
<!DOCTYPE html PUBLIC "-//W3C//DTD XHTML 1.0 Transitional//EN"
    "http://www.w3.org/TR/xhtml1/DTD/xhtml1-transitional.dtd">
<html xmlns="http://www.w3.org/1999/xhtml" xml:lang="en" lang="en">
 <head>
  <title>
</title>
<meta http-equiv="Content-Type" content="text/html;charset=utf-8" />
  <meta name='ocr-system' content='tesseract 3.04.00' />
  <meta name='ocr-capabilities' content='ocr_page ocr_carea ocr_par ocr_line ocrx_word'/>
</head>
<body>
  <div class='ocr_page' id='page_1' title='image "./probenderlatein00ulrigoog_0145.png"; bbox 0 0 3525 5025; ppageno 0'>
   <div class='ocr_carea' id='block_1_1' title="bbox 848 526 1091 583">
    <p class='ocr_par' dir='ltr' id='par_1_1' title="bbox 848 526 1091 583">
     <span class='ocr_line' id='line_1_1' title="bbox 848 526 1091 583; baseline 0.008 -2"><span class='ocrx_word' id='word_1_1' title='bbox 848 526 1091 583; x_wconf 86' lang='grc'>-134-</span> 
     </span>
    </p>
   </div>
   <div class='ocr_carea' id='block_1_2' title="bbox 385 697 1591 4338">
    <p class='ocr_par' dir='ltr' id='par_1_2' title="bbox 385 697 1591 4338">
     <span class='ocr_line' id='line_1_2' title="bbox 438 697 1502 779; baseline 0 -19"><span class='ocrx_word' id='word_1_2' title='bbox 438 715 499 779; x_wconf 89' lang='lat' dir='ltr'>que</span> <span class='ocrx_word' id='word_1_3' title='bbox 529 698 658 761; x_wconf 85' lang='lat' dir='ltr'>totaliter</span> <span class='ocrx_word' id='word_1_4' title='bbox 691 697 885 779; x_wconf 79' lang='lat' dir='ltr'>refrigeratus</span> <span class='ocrx_word' id='word_1_5' title='bbox 919 698 1032 762; x_wconf 89' lang='lat' dir='ltr'>luisset.</span> <span class='ocrx_word' id='word_1_6' title='bbox 1079 699 1164 760; x_wconf 89' lang='lat' dir='ltr'>Dum</span> <span class='ocrx_word' id='word_1_7' title='bbox 1199 717 1275 762; x_wconf 92' lang='lat' dir='ltr'>vero</span> <span class='ocrx_word' id='word_1_8' title='bbox 1310 698 1426 761; x_wconf 80' lang='lat' dir='ltr'>ibidem</span> <span class='ocrx_word' id='word_1_9' title='bbox 1456 716 1502 760; x_wconf 87' lang='lat' dir='ltr'>ex-</span> 
     </span>
     <span class='ocr_line' id='line_1_3' title="bbox 438 786 1501 868; baseline -0.004 -17"><span class='ocrx_word' id='word_1_10' title='bbox 438 792 607 868; x_wconf 78' lang='lat' dir='ltr'>specbtsset,</span> <span class='ocrx_word' id='word_1_11' title='bbox 638 786 722 850; x_wconf 88' lang='lat' dir='ltr'>venit</span> <span class='ocrx_word' id='word_1_12' title='bbox 743 787 870 867; x_wconf 88' lang='lat' dir='ltr'>quidam</span> <span class='ocrx_word' id='word_1_13' title='bbox 895 788 922 850; x_wconf 93' lang='lat' dir='ltr'>ei</span> <span class='ocrx_word' id='word_1_14' title='bbox 954 805 1009 867; x_wconf 94' lang='lat' dir='ltr'>per</span> <span class='ocrx_word' id='word_1_15' title='bbox 1032 788 1136 851; x_wconf 90' lang='lat' dir='ltr'>omnia</span> <span class='ocrx_word' id='word_1_16' title='bbox 1158 788 1268 851; x_wconf 93' lang='lat' dir='ltr'>similis</span> <span class='ocrx_word' id='word_1_17' title='bbox 1293 788 1323 850; x_wconf 93' lang='lat' dir='ltr'>in</span> <span class='ocrx_word' id='word_1_18' title='bbox 1346 787 1443 863; x_wconf 87' lang='lat' dir='ltr'>vultu,</span> <span class='ocrx_word' id='word_1_19' title='bbox 1474 788 1501 848; x_wconf 91' lang='lat' dir='ltr'>in</span> 
     </span>
     <span class='ocr_line' id='line_1_4' title="bbox 440 876 1502 957; baseline -0.003 -17"><span class='ocrx_word' id='word_1_20' title='bbox 440 876 499 955; x_wconf 80' lang='lat' dir='ltr'>(BL</span> <span class='ocrx_word' id='word_1_21' title='bbox 524 878 607 957; x_wconf 80' lang='lat' dir='ltr'>64r.)</span> <span class='ocrx_word' id='word_1_22' title='bbox 631 880 719 955; x_wconf 88' lang='lat' dir='ltr'>gestu</span> <span class='ocrx_word' id='word_1_23' title='bbox 746 880 777 939; x_wconf 90' lang='lat' dir='ltr'>el</span> <span class='ocrx_word' id='word_1_24' title='bbox 803 876 904 938; x_wconf 92' lang='lat' dir='ltr'>induit</span> <span class='ocrx_word' id='word_1_25' title='bbox 933 894 966 940; x_wconf 88' lang='lat' dir='ltr'>se</span> <span class='ocrx_word' id='word_1_26' title='bbox 997 877 1183 939; x_wconf 90' lang='lat' dir='ltr'>vestimentis</span> <span class='ocrx_word' id='word_1_27' title='bbox 1212 876 1286 954; x_wconf 85' lang='lat' dir='ltr'>suis,</span> <span class='ocrx_word' id='word_1_28' title='bbox 1319 876 1502 939; x_wconf 88' lang='lat' dir='ltr'>dextrarium</span> 
     </span>
     <span class='ocr_line' id='line_1_5' title="bbox 439 964 1505 1045; baseline -0.004 -16"><span class='ocrx_word' id='word_1_29' title='bbox 439 965 506 1029; x_wconf 89' lang='lat' dir='ltr'>eius</span> <span class='ocrx_word' id='word_1_30' title='bbox 533 964 669 1029; x_wconf 79' lang='lat' dir='ltr'>ascendit</span> <span class='ocrx_word' id='word_1_31' title='bbox 698 968 729 1028; x_wconf 95' lang='lat' dir='ltr'>et</span> <span class='ocrx_word' id='word_1_32' title='bbox 756 964 796 1027; x_wconf 93' lang='lat' dir='ltr'>ad</span> <span class='ocrx_word' id='word_1_33' title='bbox 827 965 938 1028; x_wconf 79' lang='lat' dir='ltr'><strong>milites</strong></span> <span class='ocrx_word' id='word_1_34' title='bbox 967 966 1121 1045; x_wconf 78' lang='lat' dir='ltr'>equitabit</span> <span class='ocrx_word' id='word_1_35' title='bbox 1171 965 1220 1028; x_wconf 83' lang='lat' dir='ltr'>Ab</span> <span class='ocrx_word' id='word_1_36' title='bbox 1252 966 1401 1029; x_wconf 88' lang='lat' dir='ltr'>omnibus</span> <span class='ocrx_word' id='word_1_37' title='bbox 1430 965 1505 1027; x_wconf 87' lang='lat' dir='ltr'>sicut</span> 
     </span>
     <span class='ocr_line' id='line_1_6' title="bbox 385 1054 1504 1135; baseline -0.006 -14"><span class='ocrx_word' id='word_1_38' title='bbox 385 1074 427 1121; x_wconf 78' lang='lat' dir='ltr'>eeu</span> <span class='ocrx_word' id='word_1_39' title='bbox 441 1071 573 1135; x_wconf 89' lang='lat' dir='ltr'>persona</span> <span class='ocrx_word' id='word_1_40' title='bbox 603 1054 794 1134; x_wconf 88' lang='lat' dir='ltr'>imperatoris</span> <span class='ocrx_word' id='word_1_41' title='bbox 816 1058 861 1117; x_wconf 88' lang='lat' dir='ltr'>est</span> <span class='ocrx_word' id='word_1_42' title='bbox 885 1058 1031 1135; x_wconf 87' lang='lat' dir='ltr'>receptus,</span> <span class='ocrx_word' id='word_1_43' title='bbox 1062 1054 1273 1134; x_wconf 80' lang='lat' dir='ltr'>quianullum</span> <span class='ocrx_word' id='word_1_44' title='bbox 1298 1054 1504 1135; x_wconf 88' lang='lat' dir='ltr'>suspicionem</span> 
     </span>
     <span class='ocr_line' id='line_1_7' title="bbox 440 1142 1504 1223; baseline -0.003 -17"><span class='ocrx_word' id='word_1_45' title='bbox 440 1142 481 1206; x_wconf 92' lang='lat' dir='ltr'>de</span> <span class='ocrx_word' id='word_1_46' title='bbox 502 1160 541 1206; x_wconf 90' lang='lat' dir='ltr'>eo</span> <span class='ocrx_word' id='word_1_47' title='bbox 565 1143 725 1219; x_wconf 79' lang='lat' dir='ltr'>habebant,</span> <span class='ocrx_word' id='word_1_48' title='bbox 757 1143 815 1206; x_wconf 92' lang='lat' dir='ltr'>nisi</span> <span class='ocrx_word' id='word_1_49' title='bbox 839 1142 926 1222; x_wconf 91' lang='lat' dir='ltr'>quod</span> <span class='ocrx_word' id='word_1_50' title='bbox 954 1143 1101 1207; x_wconf 92' lang='lat' dir='ltr'>dominus</span> <span class='ocrx_word' id='word_1_51' title='bbox 1129 1161 1237 1206; x_wconf 86' lang='lat' dir='ltr'>eorum</span> <span class='ocrx_word' id='word_1_52' title='bbox 1261 1147 1347 1220; x_wconf 87' lang='lat' dir='ltr'>esset,</span> <span class='ocrx_word' id='word_1_53' title='bbox 1379 1143 1453 1223; x_wconf 91' lang='lat' dir='ltr'>quia</span> <span class='ocrx_word' id='word_1_54' title='bbox 1476 1143 1504 1203; x_wconf 90' lang='lat' dir='ltr'>in</span> 
     </span>
     <span class='ocr_line' id='line_1_8' title="bbox 440 1230 1505 1313; baseline -0.004 -17"><span class='ocrx_word' id='word_1_55' title='bbox 440 1232 587 1296; x_wconf 89' lang='lat' dir='ltr'>omnibus</span> <span class='ocrx_word' id='word_1_56' title='bbox 609 1232 636 1294; x_wconf 93' lang='lat' dir='ltr'>ei</span> <span class='ocrx_word' id='word_1_57' title='bbox 659 1232 769 1295; x_wconf 87' lang='lat' dir='ltr'>similis</span> <span class='ocrx_word' id='word_1_58' title='bbox 783 1236 852 1295; x_wconf 87' lang='lat' dir='ltr'>erat.</span> <span class='ocrx_word' id='word_1_59' title='bbox 886 1232 1057 1312; x_wconf 89' lang='lat' dir='ltr'>Ludebant;</span> <span class='ocrx_word' id='word_1_60' title='bbox 1080 1232 1170 1295; x_wconf 87' lang='lat' dir='ltr'>linito</span> <span class='ocrx_word' id='word_1_61' title='bbox 1194 1232 1269 1295; x_wconf 88' lang='lat' dir='ltr'>ludo</span> <span class='ocrx_word' id='word_1_62' title='bbox 1293 1232 1332 1295; x_wconf 88' lang='lat' dir='ltr'>ad</span> <span class='ocrx_word' id='word_1_63' title='bbox 1356 1230 1505 1313; x_wconf 84' lang='lat' dir='ltr'>palacium</span> 
     </span>
     <span class='ocr_line' id='line_1_9' title="bbox 440 1320 1507 1401; baseline -0.004 -16"><span class='ocrx_word' id='word_1_64' title='bbox 440 1339 510 1385; x_wconf 89' lang='lat' dir='ltr'>cum</span> <span class='ocrx_word' id='word_1_65' title='bbox 546 1320 694 1383; x_wconf 82' lang='lat' dir='ltr'>militibus</span> <span class='ocrx_word' id='word_1_66' title='bbox 728 1322 889 1401; x_wconf 75' lang='lat' dir='ltr'>equitabat.</span> <span class='ocrx_word' id='word_1_67' title='bbox 941 1322 1015 1385; x_wconf 87' lang='lat' dir='ltr'>Post</span> <span class='ocrx_word' id='word_1_68' title='bbox 1049 1322 1105 1385; x_wconf 79' lang='lat' dir='ltr'>liec</span> <span class='ocrx_word' id='word_1_69' title='bbox 1136 1321 1316 1384; x_wconf 90' lang='lat' dir='ltr'>louinianus</span> <span class='ocrx_word' id='word_1_70' title='bbox 1351 1321 1391 1383; x_wconf 92' lang='lat' dir='ltr'>de</span> <span class='ocrx_word' id='word_1_71' title='bbox 1430 1338 1507 1399; x_wconf 90' lang='lat' dir='ltr'>aqua</span> 
     </span>
     <span class='ocr_line' id='line_1_10' title="bbox 440 1408 1508 1489; baseline -0.004 -16"><span class='ocrx_word' id='word_1_72' title='bbox 440 1408 541 1487; x_wconf 77' lang='lat' dir='ltr'>exluit,</span> <span class='ocrx_word' id='word_1_73' title='bbox 565 1414 662 1473; x_wconf 89' lang='lat' dir='ltr'>vestes</span> <span class='ocrx_word' id='word_1_74' title='bbox 686 1428 743 1474; x_wconf 92' lang='lat' dir='ltr'>nec</span> <span class='ocrx_word' id='word_1_75' title='bbox 757 1428 871 1489; x_wconf 85' lang='lat' dir='ltr'>equum</span> <span class='ocrx_word' id='word_1_76' title='bbox 888 1409 1013 1473; x_wconf 89' lang='lat' dir='ltr'>inuenit.</span> <span class='ocrx_word' id='word_1_77' title='bbox 1051 1410 1291 1487; x_wconf 81' lang='lat' dir='ltr'>nmmirabatur;</span> <span class='ocrx_word' id='word_1_78' title='bbox 1316 1410 1508 1473; x_wconf 89' lang='lat' dir='ltr'>contristatus</span> 
     </span>
     <span class='ocr_line' id='line_1_11' title="bbox 386 1498 1510 1579; baseline -0.005 -14"><span class='ocrx_word' id='word_1_79' title='bbox 386 1518 427 1565; x_wconf 84' lang='lat' dir='ltr'>usu</span> <span class='ocrx_word' id='word_1_80' title='bbox 442 1506 487 1563; x_wconf 88' lang='lat' dir='ltr'>est</span> <span class='ocrx_word' id='word_1_81' title='bbox 515 1498 611 1575; x_wconf 86' lang='lat' dir='ltr'>valde,</span> <span class='ocrx_word' id='word_1_82' title='bbox 642 1498 715 1579; x_wconf 90' lang='lat' dir='ltr'>quia</span> <span class='ocrx_word' id='word_1_83' title='bbox 744 1500 848 1563; x_wconf 91' lang='lat' dir='ltr'>nudus</span> <span class='ocrx_word' id='word_1_84' title='bbox 878 1504 942 1563; x_wconf 88' lang='lat' dir='ltr'>erat</span> <span class='ocrx_word' id='word_1_85' title='bbox 970 1504 999 1562; x_wconf 89' lang='lat' dir='ltr'>et</span> <span class='ocrx_word' id='word_1_86' title='bbox 1029 1500 1184 1563; x_wconf 92' lang='lat' dir='ltr'>neminem</span> <span class='ocrx_word' id='word_1_87' title='bbox 1214 1498 1298 1561; x_wconf 81' lang='lat' dir='ltr'>vidit</span> <span class='ocrx_word' id='word_1_88' title='bbox 1346 1498 1510 1579; x_wconf 83' lang='lat' dir='ltr'>Cogitabat</span> 
     </span>
     <span class='ocr_line' id='line_1_12' title="bbox 442 1587 1505 1669; baseline -0.002 -18"><span class='ocrx_word' id='word_1_89' title='bbox 442 1589 519 1651; x_wconf 88' lang='lat' dir='ltr'>intra</span> <span class='ocrx_word' id='word_1_90' title='bbox 541 1604 586 1651; x_wconf 90' lang='lat' dir='ltr'>se:</span> <span class='ocrx_word' id='word_1_91' title='bbox 613 1587 719 1662; x_wconf 74' lang='lat' dir='ltr'>„Quid</span> <span class='ocrx_word' id='word_1_92' title='bbox 736 1588 843 1651; x_wconf 80' lang='lat' dir='ltr'>faciam</span> <span class='ocrx_word' id='word_1_93' title='bbox 860 1590 941 1669; x_wconf 89' lang='lat' dir='ltr'>ego?</span> <span class='ocrx_word' id='word_1_94' title='bbox 975 1588 1188 1652; x_wconf 86' lang='lat' dir='ltr'>Miserabiliter</span> <span class='ocrx_word' id='word_1_95' title='bbox 1202 1606 1271 1651; x_wconf 91' lang='lat' dir='ltr'>sum</span> <span class='ocrx_word' id='word_1_96' title='bbox 1289 1588 1505 1652; x_wconf 57' lang='lat' dir='ltr'>ministratus!¹</span> 
     </span>
     <span class='ocr_line' id='line_1_13' title="bbox 441 1676 1590 1758; baseline -0.002 -19"><span class='ocrx_word' id='word_1_97' title='bbox 441 1676 579 1740; x_wconf 86' lang='lat' dir='ltr'>Tandem</span> <span class='ocrx_word' id='word_1_98' title='bbox 601 1676 641 1739; x_wconf 88' lang='lat' dir='ltr'>ad</span> <span class='ocrx_word' id='word_1_99' title='bbox 664 1694 697 1739; x_wconf 89' lang='lat' dir='ltr'>se</span> <span class='ocrx_word' id='word_1_100' title='bbox 721 1695 863 1741; x_wconf 88' lang='lat' dir='ltr'>reuersus</span> <span class='ocrx_word' id='word_1_101' title='bbox 887 1678 1020 1741; x_wconf 89' lang='lat' dir='ltr'>dicebat:</span> <span class='ocrx_word' id='word_1_102' title='bbox 1058 1679 1138 1743; x_wconf 79' lang='lat' dir='ltr'>„llic</span> <span class='ocrx_word' id='word_1_103' title='bbox 1168 1696 1265 1758; x_wconf 84' lang='lat' dir='ltr'>prope</span> <span class='ocrx_word' id='word_1_104' title='bbox 1297 1680 1399 1739; x_wconf 90' lang='lat' dir='ltr'>manet</span> <span class='ocrx_word' id='word_1_105' title='bbox 1431 1692 1509 1738; x_wconf 90' lang='lat' dir='ltr'>vnus</span> <span class='ocrx_word' id='word_1_106' title='bbox 1589 1699 1590 1715; x_wconf 52' lang='lat'>¹</span> 
     </span>
     <span class='ocr_line' id='line_1_14' title="bbox 442 1765 1509 1848; baseline -0.002 -20"><span class='ocrx_word' id='word_1_107' title='bbox 442 1765 541 1842; x_wconf 90' lang='lat' dir='ltr'>miles,</span> <span class='ocrx_word' id='word_1_108' title='bbox 573 1784 667 1845; x_wconf 91' lang='lat' dir='ltr'>quem</span> <span class='ocrx_word' id='word_1_109' title='bbox 697 1765 737 1829; x_wconf 89' lang='lat' dir='ltr'>ad</span> <span class='ocrx_word' id='word_1_110' title='bbox 767 1767 911 1831; x_wconf 86' lang='lat' dir='ltr'>miliciam</span> <span class='ocrx_word' id='word_1_111' title='bbox 944 1767 1097 1848; x_wconf 89' lang='lat' dir='ltr'>promoui.</span> <span class='ocrx_word' id='word_1_112' title='bbox 1144 1767 1274 1845; x_wconf 85' lang='lat' dir='ltr'>Pergam</span> <span class='ocrx_word' id='word_1_113' title='bbox 1305 1766 1344 1827; x_wconf 93' lang='lat' dir='ltr'>ad</span> <span class='ocrx_word' id='word_1_114' title='bbox 1375 1784 1449 1828; x_wconf 90' lang='lat' dir='ltr'>eum</span> <span class='ocrx_word' id='word_1_115' title='bbox 1483 1767 1509 1826; x_wconf 90' lang='lat' dir='ltr'>et</span> 
     </span>
     <span class='ocr_line' id='line_1_15' title="bbox 442 1854 1507 1936; baseline -0.003 -19"><span class='ocrx_word' id='word_1_116' title='bbox 442 1854 620 1918; x_wconf 82' lang='lat' dir='ltr'>vestimenta</span> <span class='ocrx_word' id='word_1_117' title='bbox 654 1854 777 1919; x_wconf 88' lang='lat' dir='ltr'>habebo</span> <span class='ocrx_word' id='word_1_118' title='bbox 811 1860 840 1918; x_wconf 94' lang='lat' dir='ltr'>et</span> <span class='ocrx_word' id='word_1_119' title='bbox 874 1874 987 1936; x_wconf 81' lang='lat' dir='ltr'>equum</span> <span class='ocrx_word' id='word_1_120' title='bbox 1018 1860 1047 1918; x_wconf 91' lang='lat' dir='ltr'>et</span> <span class='ocrx_word' id='word_1_121' title='bbox 1076 1856 1121 1919; x_wconf 91' lang='lat' dir='ltr'>sic</span> <span class='ocrx_word' id='word_1_122' title='bbox 1151 1855 1189 1917; x_wconf 88' lang='lat' dir='ltr'>ad</span> <span class='ocrx_word' id='word_1_123' title='bbox 1221 1854 1372 1934; x_wconf 87' lang='lat' dir='ltr'>palacium</span> <span class='ocrx_word' id='word_1_124' title='bbox 1405 1871 1507 1917; x_wconf 92' lang='lat' dir='ltr'>meum</span> 
     </span>
     <span class='ocr_line' id='line_1_16' title="bbox 387 1942 1507 2025; baseline -0.005 -16"><span class='ocrx_word' id='word_1_125' title='bbox 387 1962 429 2009; x_wconf 81' lang='lat' dir='ltr'>usn</span> <span class='ocrx_word' id='word_1_126' title='bbox 443 1944 604 2007; x_wconf 85' lang='lat' dir='ltr'>ascendam</span> <span class='ocrx_word' id='word_1_127' title='bbox 635 1947 665 2007; x_wconf 90' lang='lat' dir='ltr'>et</span> <span class='ocrx_word' id='word_1_128' title='bbox 693 1944 815 2022; x_wconf 88' lang='lat' dir='ltr'>videbo,</span> <span class='ocrx_word' id='word_1_129' title='bbox 855 1945 1017 2025; x_wconf 90' lang='lat' dir='ltr'>quomodo</span> <span class='ocrx_word' id='word_1_130' title='bbox 1048 1949 1077 2007; x_wconf 89' lang='lat' dir='ltr'>et</span> <span class='ocrx_word' id='word_1_131' title='bbox 1109 1962 1163 2025; x_wconf 90' lang='lat' dir='ltr'>per</span> <span class='ocrx_word' id='word_1_132' title='bbox 1197 1962 1290 2023; x_wconf 90' lang='lat' dir='ltr'>quem</span> <span class='ocrx_word' id='word_1_133' title='bbox 1322 1943 1421 2005; x_wconf 89' lang='lat' dir='ltr'>taliter</span> <span class='ocrx_word' id='word_1_134' title='bbox 1452 1942 1507 2006; x_wconf 92' lang='lat' dir='ltr'>sim</span> 
     </span>
     <span class='ocr_line' id='line_1_17' title="bbox 443 2032 1508 2097; baseline -0.004 -1"><span class='ocrx_word' id='word_1_135' title='bbox 443 2032 618 2096; x_wconf 75' lang='lat' dir='ltr'>confusus.⁴¹</span> <span class='ocrx_word' id='word_1_136' title='bbox 679 2033 857 2097; x_wconf 89' lang='lat' dir='ltr'>louinianus</span> <span class='ocrx_word' id='word_1_137' title='bbox 891 2035 1020 2097; x_wconf 88' lang='lat' dir='ltr'>totaliter</span> <span class='ocrx_word' id='word_1_138' title='bbox 1053 2034 1156 2096; x_wconf 90' lang='lat' dir='ltr'>nudus</span> <span class='ocrx_word' id='word_1_139' title='bbox 1190 2033 1276 2096; x_wconf 92' lang='lat' dir='ltr'>solus</span> <span class='ocrx_word' id='word_1_140' title='bbox 1307 2032 1346 2094; x_wconf 96' lang='lat' dir='ltr'>ad</span> <span class='ocrx_word' id='word_1_141' title='bbox 1377 2036 1508 2096; x_wconf 86' lang='lat' dir='ltr'>castrum</span> 
     </span>
     <span class='ocr_line' id='line_1_18' title="bbox 443 2120 1508 2204; baseline -0.001 -20"><span class='ocrx_word' id='word_1_142' title='bbox 443 2122 546 2185; x_wconf 91' lang='lat' dir='ltr'>militis</span> <span class='ocrx_word' id='word_1_143' title='bbox 562 2122 705 2202; x_wconf 85' lang='lat' dir='ltr'>perrexit;</span> <span class='ocrx_word' id='word_1_144' title='bbox 728 2122 766 2184; x_wconf 91' lang='lat' dir='ltr'>ad</span> <span class='ocrx_word' id='word_1_145' title='bbox 784 2123 906 2185; x_wconf 89' lang='lat' dir='ltr'>ianuam</span> <span class='ocrx_word' id='word_1_146' title='bbox 923 2123 1063 2204; x_wconf 88' lang='lat' dir='ltr'>pulsauit.</span> <span class='ocrx_word' id='word_1_147' title='bbox 1092 2122 1204 2185; x_wconf 85' lang='lat' dir='ltr'>Ianitor</span> <span class='ocrx_word' id='word_1_148' title='bbox 1219 2139 1340 2185; x_wconf 89' lang='lat' dir='ltr'>causam</span> <span class='ocrx_word' id='word_1_149' title='bbox 1358 2120 1508 2202; x_wconf 80' lang='lat' dir='ltr'>pulsacio</span> 
     </span>
     <span class='ocr_line' id='line_1_19' title="bbox 444 2210 1508 2292; baseline -0.003 -19"><span class='ocrx_word' id='word_1_150' title='bbox 444 2212 492 2273; x_wconf 89' lang='lat' dir='ltr'>nis</span> <span class='ocrx_word' id='word_1_151' title='bbox 522 2211 662 2290; x_wconf 88' lang='lat' dir='ltr'>quesiuit</span> <span class='ocrx_word' id='word_1_152' title='bbox 707 2211 746 2273; x_wconf 81' lang='lat' dir='ltr'>nt</span> <span class='ocrx_word' id='word_1_153' title='bbox 769 2211 831 2274; x_wconf 91' lang='lat' dir='ltr'>ille:</span> <span class='ocrx_word' id='word_1_154' title='bbox 866 2213 1010 2277; x_wconf 79' lang='lat' dir='ltr'>„ianuam</span> <span class='ocrx_word' id='word_1_155' title='bbox 1038 2212 1122 2292; x_wconf 91' lang='lat' dir='ltr'>aperi</span> <span class='ocrx_word' id='word_1_156' title='bbox 1153 2215 1182 2274; x_wconf 91' lang='lat' dir='ltr'>et</span> <span class='ocrx_word' id='word_1_157' title='bbox 1209 2210 1287 2287; x_wconf 89' lang='lat' dir='ltr'>vide,</span> <span class='ocrx_word' id='word_1_158' title='bbox 1319 2210 1421 2290; x_wconf 89' lang='lat' dir='ltr'>qualis</span> <span class='ocrx_word' id='word_1_159' title='bbox 1452 2210 1508 2272; x_wconf 87' lang='lat' dir='ltr'>sim</span> 
     </span>
     <span class='ocr_line' id='line_1_20' title="bbox 444 2298 1510 2381; baseline -0.003 -20"><span class='ocrx_word' id='word_1_160' title='bbox 444 2302 540 2378; x_wconf 67' lang='lat' dir='ltr'>eguit</span> <span class='ocrx_word' id='word_1_161' title='bbox 582 2300 634 2363; x_wconf 91' lang='lat' dir='ltr'>llle</span> <span class='ocrx_word' id='word_1_162' title='bbox 658 2300 779 2362; x_wconf 91' lang='lat' dir='ltr'>ianuam</span> <span class='ocrx_word' id='word_1_163' title='bbox 803 2302 929 2381; x_wconf 85' lang='lat' dir='ltr'>aperuit,</span> <span class='ocrx_word' id='word_1_164' title='bbox 954 2306 1067 2365; x_wconf 91' lang='lat' dir='ltr'>etcum</span> <span class='ocrx_word' id='word_1_165' title='bbox 1084 2300 1305 2375; x_wconf 83' lang='lat' dir='ltr'>vidisseteum,</span> <span class='ocrx_word' id='word_1_166' title='bbox 1329 2300 1382 2361; x_wconf 90' lang='lat' dir='ltr'>ait:</span> <span class='ocrx_word' id='word_1_167' title='bbox 1410 2298 1510 2373; x_wconf 74' lang='lat' dir='ltr'>„Quis</span> 
     </span>
     <span class='ocr_line' id='line_1_21' title="bbox 390 2388 1509 2469; baseline -0.004 -15"><span class='ocrx_word' id='word_1_168' title='bbox 390 2407 478 2454; x_wconf 78' lang='lat' dir='ltr'>reuss</span> <span class='ocrx_word' id='word_1_169' title='bbox 504 2390 559 2451; x_wconf 87' lang='lat' dir='ltr'>tu?</span> <span class='ocrx_word' id='word_1_170' title='bbox 607 2390 642 2451; x_wconf 82' lang='lat' dir='ltr'>Et</span> <span class='ocrx_word' id='word_1_171' title='bbox 666 2389 728 2451; x_wconf 90' lang='lat' dir='ltr'>ille:</span> <span class='ocrx_word' id='word_1_172' title='bbox 763 2391 849 2469; x_wconf 70' lang='lat' dir='ltr'>„Ego</span> <span class='ocrx_word' id='word_1_173' title='bbox 879 2409 949 2453; x_wconf 93' lang='lat' dir='ltr'>sum</span> <span class='ocrx_word' id='word_1_174' title='bbox 982 2390 1159 2453; x_wconf 90' lang='lat' dir='ltr'>louinianus</span> <span class='ocrx_word' id='word_1_175' title='bbox 1189 2389 1362 2469; x_wconf 87' lang='lat' dir='ltr'>imperator.</span> <span class='ocrx_word' id='word_1_176' title='bbox 1409 2388 1509 2451; x_wconf 88' lang='lat' dir='ltr'>Vadas</span> 
     </span>
     <span class='ocr_line' id='line_1_22' title="bbox 443 2476 1509 2559; baseline -0.002 -19"><span class='ocrx_word' id='word_1_177' title='bbox 443 2478 482 2541; x_wconf 91' lang='lat' dir='ltr'>ad</span> <span class='ocrx_word' id='word_1_178' title='bbox 506 2477 669 2542; x_wconf 91' lang='lat' dir='ltr'>dominum</span> <span class='ocrx_word' id='word_1_179' title='bbox 693 2483 780 2541; x_wconf 91' lang='lat' dir='ltr'>tuum</span> <span class='ocrx_word' id='word_1_180' title='bbox 804 2484 834 2542; x_wconf 90' lang='lat' dir='ltr'>et</span> <span class='ocrx_word' id='word_1_181' title='bbox 856 2480 907 2544; x_wconf 88' lang='lat' dir='ltr'>dic</span> <span class='ocrx_word' id='word_1_182' title='bbox 930 2480 966 2558; x_wconf 78' lang='lat' dir='ltr'>ei,</span> <span class='ocrx_word' id='word_1_183' title='bbox 996 2484 1028 2542; x_wconf 89' lang='lat' dir='ltr'>vt</span> <span class='ocrx_word' id='word_1_184' title='bbox 1051 2479 1142 2543; x_wconf 91' lang='lat' dir='ltr'>michi</span> <span class='ocrx_word' id='word_1_185' title='bbox 1174 2482 1272 2542; x_wconf 89' lang='lat' dir='ltr'>vestes</span> <span class='ocrx_word' id='word_1_186' title='bbox 1302 2478 1405 2555; x_wconf 89' lang='lat' dir='ltr'>mittat,</span> <span class='ocrx_word' id='word_1_187' title='bbox 1439 2476 1509 2559; x_wconf 90' lang='lat' dir='ltr'>quia</span> 
     </span>
     <span class='ocr_line' id='line_1_23' title="bbox 443 2567 1508 2650; baseline -0.002 -20"><span class='ocrx_word' id='word_1_188' title='bbox 443 2586 460 2630; x_wconf 89' lang='lat' dir='ltr'>a</span> <span class='ocrx_word' id='word_1_189' title='bbox 495 2586 564 2631; x_wconf 89' lang='lat' dir='ltr'>casu</span> <span class='ocrx_word' id='word_1_190' title='bbox 600 2572 697 2632; x_wconf 86' lang='lat' dir='ltr'>vestes</span> <span class='ocrx_word' id='word_1_191' title='bbox 732 2573 760 2632; x_wconf 93' lang='lat' dir='ltr'>et</span> <span class='ocrx_word' id='word_1_192' title='bbox 795 2588 906 2649; x_wconf 91' lang='lat' dir='ltr'>eqvum</span> <span class='ocrx_word' id='word_1_193' title='bbox 943 2568 1098 2650; x_wconf 78' lang='lat' dir='ltr'>perdidi!¹‘</span> <span class='ocrx_word' id='word_1_194' title='bbox 1148 2568 1211 2642; x_wconf 89' lang='lat' dir='ltr'>Qui</span> <span class='ocrx_word' id='word_1_195' title='bbox 1246 2567 1298 2630; x_wconf 90' lang='lat' dir='ltr'>ait:</span> <span class='ocrx_word' id='word_1_196' title='bbox 1342 2567 1508 2640; x_wconf 67' lang='lat' dir='ltr'>„Mentiris</span> 
     </span>
     <span class='ocr_line' id='line_1_24' title="bbox 444 2657 1591 2736; baseline -0.001 -18"><span class='ocrx_word' id='word_1_197' title='bbox 444 2657 575 2736; x_wconf 87' lang='lat' dir='ltr'>pessime</span> <span class='ocrx_word' id='word_1_198' title='bbox 599 2657 729 2721; x_wconf 90' lang='lat' dir='ltr'>ribaldel</span> <span class='ocrx_word' id='word_1_199' title='bbox 778 2658 890 2721; x_wconf 90' lang='lat' dir='ltr'>Parum</span> <span class='ocrx_word' id='word_1_200' title='bbox 919 2663 987 2721; x_wconf 91' lang='lat' dir='ltr'>ante</span> <span class='ocrx_word' id='word_1_201' title='bbox 1010 2664 1039 2720; x_wconf 90' lang='lat' dir='ltr'>te</span> <span class='ocrx_word' id='word_1_202' title='bbox 1062 2657 1209 2721; x_wconf 90' lang='lat' dir='ltr'>dominus</span> <span class='ocrx_word' id='word_1_203' title='bbox 1235 2673 1321 2719; x_wconf 89' lang='lat' dir='ltr'>meus</span> <span class='ocrx_word' id='word_1_204' title='bbox 1345 2657 1511 2736; x_wconf 90' lang='lat' dir='ltr'>imperator</span> <span class='ocrx_word' id='word_1_205' title='bbox 1590 2663 1591 2673; x_wconf 52' lang='lat'>³</span> 
     </span>
     <span class='ocr_line' id='line_1_25' title="bbox 445 2745 1510 2827; baseline -0.003 -19"><span class='ocrx_word' id='word_1_206' title='bbox 445 2745 623 2809; x_wconf 89' lang='lat' dir='ltr'>louinianus</span> <span class='ocrx_word' id='word_1_207' title='bbox 649 2745 689 2808; x_wconf 95' lang='lat' dir='ltr'>ad</span> <span class='ocrx_word' id='word_1_208' title='bbox 718 2747 868 2827; x_wconf 90' lang='lat' dir='ltr'>palacium</span> <span class='ocrx_word' id='word_1_209' title='bbox 899 2767 990 2811; x_wconf 91' lang='lat' dir='ltr'>suum</span> <span class='ocrx_word' id='word_1_210' title='bbox 1015 2766 1085 2810; x_wconf 88' lang='lat' dir='ltr'>curn</span> <span class='ocrx_word' id='word_1_211' title='bbox 1117 2746 1264 2809; x_wconf 91' lang='lat' dir='ltr'>militibus</span> <span class='ocrx_word' id='word_1_212' title='bbox 1295 2745 1452 2825; x_wconf 85' lang='lat' dir='ltr'>equitauit,</span> <span class='ocrx_word' id='word_1_213' title='bbox 1483 2749 1510 2806; x_wconf 91' lang='lat' dir='ltr'>et</span> 
     </span>
     <span class='ocr_line' id='line_1_26' title="bbox 391 2832 1511 2916; baseline -0.004 -16"><span class='ocrx_word' id='word_1_214' title='bbox 391 2853 431 2900; x_wconf 81' lang='lat' dir='ltr'>rus</span> <span class='ocrx_word' id='word_1_215' title='bbox 446 2832 592 2899; x_wconf 89' lang='lat' dir='ltr'>dominus</span> <span class='ocrx_word' id='word_1_216' title='bbox 623 2853 711 2898; x_wconf 89' lang='lat' dir='ltr'>meus</span> <span class='ocrx_word' id='word_1_217' title='bbox 740 2853 844 2899; x_wconf 89' lang='lat' dir='ltr'>secum</span> <span class='ocrx_word' id='word_1_218' title='bbox 868 2836 1015 2916; x_wconf 88' lang='lat' dir='ltr'>equitauit</span> <span class='ocrx_word' id='word_1_219' title='bbox 1041 2841 1070 2898; x_wconf 92' lang='lat' dir='ltr'>el</span> <span class='ocrx_word' id='word_1_220' title='bbox 1098 2835 1186 2898; x_wconf 89' lang='lat' dir='ltr'>rediit</span> <span class='ocrx_word' id='word_1_221' title='bbox 1209 2839 1237 2897; x_wconf 91' lang='lat' dir='ltr'>et</span> <span class='ocrx_word' id='word_1_222' title='bbox 1265 2834 1323 2896; x_wconf 86' lang='lat' dir='ltr'>iarn</span> <span class='ocrx_word' id='word_1_223' title='bbox 1349 2834 1511 2896; x_wconf 91' lang='lat' dir='ltr'>inmensa</span> 
     </span>
     <span class='ocr_line' id='line_1_27' title="bbox 444 2922 1509 3007; baseline -0.004 -19"><span class='ocrx_word' id='word_1_224' title='bbox 444 2925 536 2988; x_wconf 84' lang='lat' dir='ltr'>sedet</span> <span class='ocrx_word' id='word_1_225' title='bbox 582 2925 642 2990; x_wconf 87' lang='lat' dir='ltr'>Sed</span> <span class='ocrx_word' id='word_1_226' title='bbox 678 2925 750 3005; x_wconf 89' lang='lat' dir='ltr'>quia</span> <span class='ocrx_word' id='word_1_227' title='bbox 785 2925 998 3007; x_wconf 89' lang='lat' dir='ltr'>imperatorem</span> <span class='ocrx_word' id='word_1_228' title='bbox 1031 2930 1060 2987; x_wconf 92' lang='lat' dir='ltr'>le</span> <span class='ocrx_word' id='word_1_229' title='bbox 1095 2924 1245 3000; x_wconf 87' lang='lat' dir='ltr'>nominas,</span> <span class='ocrx_word' id='word_1_230' title='bbox 1278 2922 1408 2985; x_wconf 91' lang='lat' dir='ltr'>domino</span> <span class='ocrx_word' id='word_1_231' title='bbox 1441 2939 1509 2985; x_wconf 89' lang='lat' dir='ltr'>meo</span> 
     </span>
     <span class='ocr_line' id='line_1_28' title="bbox 444 3012 1511 3078; baseline -0.005 -1"><span class='ocrx_word' id='word_1_232' title='bbox 444 3015 668 3078; x_wconf 72' lang='lat' dir='ltr'>denunciabo.“</span> <span class='ocrx_word' id='word_1_233' title='bbox 718 3014 830 3078; x_wconf 88' lang='lat' dir='ltr'>Ianitor</span> <span class='ocrx_word' id='word_1_234' title='bbox 860 3015 983 3077; x_wconf 90' lang='lat' dir='ltr'>intrauit</span> <span class='ocrx_word' id='word_1_235' title='bbox 1012 3018 1041 3076; x_wconf 92' lang='lat' dir='ltr'>et</span> <span class='ocrx_word' id='word_1_236' title='bbox 1070 3013 1200 3077; x_wconf 89' lang='lat' dir='ltr'>domino</span> <span class='ocrx_word' id='word_1_237' title='bbox 1231 3029 1289 3074; x_wconf 91' lang='lat' dir='ltr'>suo</span> <span class='ocrx_word' id='word_1_238' title='bbox 1320 3012 1414 3074; x_wconf 90' lang='lat' dir='ltr'>verba</span> <span class='ocrx_word' id='word_1_239' title='bbox 1445 3013 1511 3073; x_wconf 91' lang='lat' dir='ltr'>eius</span> 
     </span>
     <span class='ocr_line' id='line_1_29' title="bbox 443 3099 1510 3184; baseline -0.006 -18"><span class='ocrx_word' id='word_1_240' title='bbox 443 3103 648 3167; x_wconf 89' lang='lat' dir='ltr'>annunciauit.</span> <span class='ocrx_word' id='word_1_241' title='bbox 696 3103 747 3167; x_wconf 91' lang='lat' dir='ltr'>Ille</span> <span class='ocrx_word' id='word_1_242' title='bbox 777 3105 833 3167; x_wconf 92' lang='lat' dir='ltr'>hec</span> <span class='ocrx_word' id='word_1_243' title='bbox 863 3104 992 3166; x_wconf 89' lang='lat' dir='ltr'>audiens</span> <span class='ocrx_word' id='word_1_244' title='bbox 1022 3102 1164 3184; x_wconf 79' lang='lat' dir='ltr'>precepit,</span> <span class='ocrx_word' id='word_1_245' title='bbox 1196 3106 1228 3164; x_wconf 91' lang='lat' dir='ltr'>ut</span> <span class='ocrx_word' id='word_1_246' title='bbox 1259 3099 1510 3164; x_wconf 88' lang='lat' dir='ltr'>introduceretur.</span> 
     </span>
     <span class='ocr_line' id='line_1_30' title="bbox 446 3189 1510 3268; baseline -0.003 -14"><span class='ocrx_word' id='word_1_247' title='bbox 446 3193 481 3254; x_wconf 83' lang='lat' dir='ltr'>Et</span> <span class='ocrx_word' id='word_1_248' title='bbox 503 3193 547 3255; x_wconf 91' lang='lat' dir='ltr'>sic</span> <span class='ocrx_word' id='word_1_249' title='bbox 568 3192 679 3254; x_wconf 88' lang='lat' dir='ltr'>lactum</span> <span class='ocrx_word' id='word_1_250' title='bbox 703 3197 756 3255; x_wconf 89' lang='lat' dir='ltr'>est</span> <span class='ocrx_word' id='word_1_251' title='bbox 779 3192 870 3255; x_wconf 87' lang='lat' dir='ltr'>Miles</span> <span class='ocrx_word' id='word_1_252' title='bbox 886 3211 955 3256; x_wconf 92' lang='lat' dir='ltr'>cum</span> <span class='ocrx_word' id='word_1_253' title='bbox 973 3211 1042 3256; x_wconf 92' lang='lat' dir='ltr'>eum</span> <span class='ocrx_word' id='word_1_254' title='bbox 1060 3192 1191 3268; x_wconf 82' lang='lat' dir='ltr'>vidisset,</span> <span class='ocrx_word' id='word_1_255' title='bbox 1216 3191 1246 3252; x_wconf 92' lang='lat' dir='ltr'>in</span> <span class='ocrx_word' id='word_1_256' title='bbox 1264 3189 1350 3252; x_wconf 90' lang='lat' dir='ltr'>nullo</span> <span class='ocrx_word' id='word_1_257' title='bbox 1367 3190 1510 3253; x_wconf 91' lang='lat' dir='ltr'>noticiam</span> 
     </span>
     <span class='ocr_line' id='line_1_31' title="bbox 391 3277 1512 3362; baseline -0.003 -19"><span class='ocrx_word' id='word_1_258' title='bbox 391 3298 431 3344; x_wconf 83' lang='lat' dir='ltr'>no</span> <span class='ocrx_word' id='word_1_259' title='bbox 446 3280 512 3343; x_wconf 91' lang='lat' dir='ltr'>eius</span> <span class='ocrx_word' id='word_1_260' title='bbox 534 3280 679 3359; x_wconf 61' lang='lat' dir='ltr'>habebam</span> <span class='ocrx_word' id='word_1_261' title='bbox 703 3281 757 3345; x_wconf 90' lang='lat' dir='ltr'>sed</span> <span class='ocrx_word' id='word_1_262' title='bbox 781 3281 946 3361; x_wconf 86' lang='lat' dir='ltr'>imperator</span> <span class='ocrx_word' id='word_1_263' title='bbox 969 3300 1040 3345; x_wconf 92' lang='lat' dir='ltr'>eum</span> <span class='ocrx_word' id='word_1_264' title='bbox 1065 3281 1236 3362; x_wconf 89' lang='lat' dir='ltr'>peroptime</span> <span class='ocrx_word' id='word_1_265' title='bbox 1258 3279 1414 3359; x_wconf 90' lang='lat' dir='ltr'>cognouit.</span> <span class='ocrx_word' id='word_1_266' title='bbox 1462 3277 1512 3341; x_wconf 83' lang='lat' dir='ltr'>Ait</span> 
     </span>
     <span class='ocr_line' id='line_1_32' title="bbox 445 3368 1507 3450; baseline 0 -21"><span class='ocrx_word' id='word_1_267' title='bbox 445 3368 472 3430; x_wconf 92' lang='lat' dir='ltr'>ei</span> <span class='ocrx_word' id='word_1_268' title='bbox 490 3369 589 3431; x_wconf 91' lang='lat' dir='ltr'>miles:</span> <span class='ocrx_word' id='word_1_269' title='bbox 616 3370 696 3434; x_wconf 77' lang='lat' dir='ltr'>„Dic</span> <span class='ocrx_word' id='word_1_270' title='bbox 712 3371 812 3449; x_wconf 84' lang='lat' dir='ltr'>michi,</span> <span class='ocrx_word' id='word_1_271' title='bbox 836 3372 907 3450; x_wconf 91' lang='lat' dir='ltr'>quis</span> <span class='ocrx_word' id='word_1_272' title='bbox 930 3389 962 3434; x_wconf 92' lang='lat' dir='ltr'>es</span> <span class='ocrx_word' id='word_1_273' title='bbox 986 3375 1026 3448; x_wconf 86' lang='lat' dir='ltr'>tu,</span> <span class='ocrx_word' id='word_1_274' title='bbox 1050 3374 1079 3432; x_wconf 89' lang='lat' dir='ltr'>et</span> <span class='ocrx_word' id='word_1_275' title='bbox 1102 3370 1187 3449; x_wconf 91' lang='lat' dir='ltr'>quod</span> <span class='ocrx_word' id='word_1_276' title='bbox 1211 3369 1324 3432; x_wconf 89' lang='lat' dir='ltr'>esttibi</span> <span class='ocrx_word' id='word_1_277' title='bbox 1349 3369 1507 3431; x_wconf 77' lang='lat' dir='ltr'>nomen?¹‘</span> 
     </span>
     <span class='ocr_line' id='line_1_33' title="bbox 445 3456 1511 3540; baseline 0.001 -23"><span class='ocrx_word' id='word_1_278' title='bbox 445 3457 484 3518; x_wconf 79' lang='lat' dir='ltr'>At</span> <span class='ocrx_word' id='word_1_279' title='bbox 507 3456 569 3519; x_wconf 93' lang='lat' dir='ltr'>ille:</span> <span class='ocrx_word' id='word_1_280' title='bbox 601 3459 788 3540; x_wconf 73' lang='lat' dir='ltr'>„imperator</span> <span class='ocrx_word' id='word_1_281' title='bbox 808 3477 879 3522; x_wconf 91' lang='lat' dir='ltr'>sum</span> <span class='ocrx_word' id='word_1_282' title='bbox 904 3465 932 3523; x_wconf 94' lang='lat' dir='ltr'>et</span> <span class='ocrx_word' id='word_1_283' title='bbox 956 3458 1134 3523; x_wconf 88' lang='lat' dir='ltr'>louinianus</span> <span class='ocrx_word' id='word_1_284' title='bbox 1157 3458 1244 3521; x_wconf 88' lang='lat' dir='ltr'>dicor</span> <span class='ocrx_word' id='word_1_285' title='bbox 1267 3460 1296 3520; x_wconf 92' lang='lat' dir='ltr'>et</span> <span class='ocrx_word' id='word_1_286' title='bbox 1317 3460 1346 3519; x_wconf 89' lang='lat' dir='ltr'>te</span> <span class='ocrx_word' id='word_1_287' title='bbox 1369 3456 1408 3518; x_wconf 95' lang='lat' dir='ltr'>ad</span> <span class='ocrx_word' id='word_1_288' title='bbox 1432 3457 1511 3519; x_wconf 93' lang='lat' dir='ltr'>mili-</span> 
     </span>
     <span class='ocr_line' id='line_1_34' title="bbox 446 3545 1512 3628; baseline 0.001 -22"><span class='ocrx_word' id='word_1_289' title='bbox 446 3545 523 3607; x_wconf 90' lang='lat' dir='ltr'>ciam</span> <span class='ocrx_word' id='word_1_290' title='bbox 540 3549 684 3625; x_wconf 90' lang='lat' dir='ltr'>promoui</span> <span class='ocrx_word' id='word_1_291' title='bbox 708 3548 758 3610; x_wconf 90' lang='lat' dir='ltr'>tall</span> <span class='ocrx_word' id='word_1_292' title='bbox 775 3548 825 3611; x_wconf 91' lang='lat' dir='ltr'>die</span> <span class='ocrx_word' id='word_1_293' title='bbox 848 3554 877 3612; x_wconf 86' lang='lat' dir='ltr'>et</span> <span class='ocrx_word' id='word_1_294' title='bbox 900 3550 949 3612; x_wconf 87' lang='lat' dir='ltr'>tali</span> <span class='ocrx_word' id='word_1_295' title='bbox 970 3553 1135 3628; x_wconf 76' lang='lat' dir='ltr'>tempore«</span> <span class='ocrx_word' id='word_1_296' title='bbox 1173 3546 1212 3609; x_wconf 82' lang='lat' dir='ltr'>At</span> <span class='ocrx_word' id='word_1_297' title='bbox 1232 3546 1294 3610; x_wconf 88' lang='lat' dir='ltr'>ille:</span> <span class='ocrx_word' id='word_1_298' title='bbox 1321 3545 1372 3611; x_wconf 75' lang='lat' dir='ltr'>„O</span> <span class='ocrx_word' id='word_1_299' title='bbox 1394 3546 1512 3608; x_wconf 88' lang='lat' dir='ltr'>ribalde</span> 
     </span>
     <span class='ocr_line' id='line_1_35' title="bbox 446 3634 1511 3719; baseline 0 -23"><span class='ocrx_word' id='word_1_300' title='bbox 446 3635 586 3714; x_wconf 84' lang='lat' dir='ltr'>pessime,</span> <span class='ocrx_word' id='word_1_301' title='bbox 610 3653 671 3715; x_wconf 89' lang='lat' dir='ltr'>qua</span> <span class='ocrx_word' id='word_1_302' title='bbox 692 3637 819 3701; x_wconf 89' lang='lat' dir='ltr'>audacia</span> <span class='ocrx_word' id='word_1_303' title='bbox 833 3638 929 3702; x_wconf 89' lang='lat' dir='ltr'>audes</span> <span class='ocrx_word' id='word_1_304' title='bbox 944 3643 974 3702; x_wconf 91' lang='lat' dir='ltr'>te</span> <span class='ocrx_word' id='word_1_305' title='bbox 989 3639 1090 3719; x_wconf 91' lang='lat' dir='ltr'>ipsum</span> <span class='ocrx_word' id='word_1_306' title='bbox 1108 3637 1310 3717; x_wconf 88' lang='lat' dir='ltr'>inperatorem</span> <span class='ocrx_word' id='word_1_307' title='bbox 1328 3634 1511 3697; x_wconf 88' lang='lat' dir='ltr'>nominare?</span> 
     </span>
     <span class='ocr_line' id='line_1_36' title="bbox 392 3723 1509 3808; baseline 0 -23"><span class='ocrx_word' id='word_1_308' title='bbox 392 3739 432 3786; x_wconf 74' lang='lat'>715</span> <span class='ocrx_word' id='word_1_309' title='bbox 448 3724 508 3785; x_wconf 92' lang='lat' dir='ltr'>lam</span> <span class='ocrx_word' id='word_1_310' title='bbox 533 3724 681 3789; x_wconf 89' lang='lat' dir='ltr'>dominus</span> <span class='ocrx_word' id='word_1_311' title='bbox 705 3745 799 3805; x_wconf 84' lang='lat' dir='ltr'>meus,</span> <span class='ocrx_word' id='word_1_312' title='bbox 824 3728 990 3808; x_wconf 89' lang='lat' dir='ltr'>imperator</span> <span class='ocrx_word' id='word_1_313' title='bbox 1013 3726 1199 3804; x_wconf 71' lang='lat' dir='ltr'>louinianus</span> <span class='ocrx_word' id='word_1_314' title='bbox 1222 3729 1291 3788; x_wconf 92' lang='lat' dir='ltr'>ante</span> <span class='ocrx_word' id='word_1_315' title='bbox 1313 3729 1342 3786; x_wconf 91' lang='lat' dir='ltr'>te</span> <span class='ocrx_word' id='word_1_316' title='bbox 1365 3723 1404 3786; x_wconf 89' lang='lat' dir='ltr'>ad</span> <span class='ocrx_word' id='word_1_317' title='bbox 1428 3723 1509 3803; x_wconf 88' lang='lat' dir='ltr'>pala-</span> 
     </span>
     <span class='ocr_line' id='line_1_37' title="bbox 446 3813 1511 3898; baseline 0 -24"><span class='ocrx_word' id='word_1_318' title='bbox 446 3813 528 3875; x_wconf 91' lang='lat' dir='ltr'>cium</span> <span class='ocrx_word' id='word_1_319' title='bbox 559 3831 629 3875; x_wconf 89' lang='lat' dir='ltr'>cum</span> <span class='ocrx_word' id='word_1_320' title='bbox 662 3815 808 3880; x_wconf 88' lang='lat' dir='ltr'>militibus</span> <span class='ocrx_word' id='word_1_321' title='bbox 838 3817 991 3898; x_wconf 87' lang='lat' dir='ltr'>equitauit,</span> <span class='ocrx_word' id='word_1_322' title='bbox 1023 3821 1052 3879; x_wconf 91' lang='lat' dir='ltr'>et</span> <span class='ocrx_word' id='word_1_323' title='bbox 1081 3834 1140 3896; x_wconf 91' lang='lat' dir='ltr'>ego</span> <span class='ocrx_word' id='word_1_324' title='bbox 1171 3832 1227 3895; x_wconf 85' lang='lat' dir='ltr'>per</span> <span class='ocrx_word' id='word_1_325' title='bbox 1256 3813 1337 3876; x_wconf 92' lang='lat' dir='ltr'>uiam</span> <span class='ocrx_word' id='word_1_326' title='bbox 1370 3830 1453 3875; x_wconf 87' lang='lat' dir='ltr'>eram</span> <span class='ocrx_word' id='word_1_327' title='bbox 1486 3813 1511 3876; x_wconf 91' lang='lat' dir='ltr'>ei</span> 
     </span>
     <span class='ocr_line' id='line_1_38' title="bbox 445 3901 1511 3986; baseline -0.001 -21"><span class='ocrx_word' id='word_1_328' title='bbox 445 3902 611 3966; x_wconf 85' lang='lat' dir='ltr'>associatus</span> <span class='ocrx_word' id='word_1_329' title='bbox 634 3907 663 3966; x_wconf 90' lang='lat' dir='ltr'>et</span> <span class='ocrx_word' id='word_1_330' title='bbox 691 3923 760 3968; x_wconf 93' lang='lat' dir='ltr'>sum</span> <span class='ocrx_word' id='word_1_331' title='bbox 790 3924 940 3970; x_wconf 87' lang='lat' dir='ltr'>reuersus.</span> <span class='ocrx_word' id='word_1_332' title='bbox 987 3906 1018 3970; x_wconf 93' lang='lat' dir='ltr'>O</span> <span class='ocrx_word' id='word_1_333' title='bbox 1047 3904 1173 3986; x_wconf 90' lang='lat' dir='ltr'>rybalde</span> <span class='ocrx_word' id='word_1_334' title='bbox 1204 3903 1348 3984; x_wconf 89' lang='lat' dir='ltr'>pessime!</span> <span class='ocrx_word' id='word_1_335' title='bbox 1395 3901 1511 3965; x_wconf 89' lang='lat' dir='ltr'>Verum</span> 
     </span>
     <span class='ocr_line' id='line_1_39' title="bbox 447 3990 1511 4072; baseline -0.002 -18"><span class='ocrx_word' id='word_1_336' title='bbox 447 3995 498 4069; x_wconf 69' lang='lat' dir='ltr'>est</span> <span class='ocrx_word' id='word_1_337' title='bbox 529 3991 615 4072; x_wconf 90' lang='lat' dir='ltr'>quod</span> <span class='ocrx_word' id='word_1_338' title='bbox 643 3992 692 4056; x_wconf 81' lang='lat' dir='ltr'>tali</span> <span class='ocrx_word' id='word_1_339' title='bbox 717 3995 767 4057; x_wconf 90' lang='lat' dir='ltr'>die</span> <span class='ocrx_word' id='word_1_340' title='bbox 791 4000 820 4058; x_wconf 86' lang='lat' dir='ltr'>et</span> <span class='ocrx_word' id='word_1_341' title='bbox 842 3994 919 4059; x_wconf 89' lang='lat' dir='ltr'>bora</span> <span class='ocrx_word' id='word_1_342' title='bbox 941 3996 1037 4059; x_wconf 90' lang='lat' dir='ltr'>lactus</span> <span class='ocrx_word' id='word_1_343' title='bbox 1060 4012 1129 4057; x_wconf 92' lang='lat' dir='ltr'>sum</span> <span class='ocrx_word' id='word_1_344' title='bbox 1159 3993 1246 4056; x_wconf 88' lang='lat' dir='ltr'>miles</span> <span class='ocrx_word' id='word_1_345' title='bbox 1269 4009 1325 4072; x_wconf 88' lang='lat' dir='ltr'>per</span> <span class='ocrx_word' id='word_1_346' title='bbox 1346 3990 1511 4053; x_wconf 91' lang='lat' dir='ltr'>dominum</span> 
     </span>
     <span class='ocr_line' id='line_1_40' title="bbox 449 4080 1510 4162; baseline 0 -19"><span class='ocrx_word' id='word_1_347' title='bbox 449 4098 552 4144; x_wconf 89' lang='lat' dir='ltr'>meum</span> <span class='ocrx_word' id='word_1_348' title='bbox 591 4081 815 4162; x_wconf 85' lang='lat' dir='ltr'>imperatorem.</span> <span class='ocrx_word' id='word_1_349' title='bbox 883 4084 967 4158; x_wconf 90' lang='lat' dir='ltr'>Quia</span> <span class='ocrx_word' id='word_1_350' title='bbox 1004 4084 1043 4146; x_wconf 89' lang='lat' dir='ltr'>ad</span> <span class='ocrx_word' id='word_1_351' title='bbox 1087 4087 1197 4146; x_wconf 88' lang='lat' dir='ltr'>tantam</span> <span class='ocrx_word' id='word_1_352' title='bbox 1242 4080 1510 4161; x_wconf 86' lang='lat' dir='ltr'>presumpcionem</span> 
     </span>
     <span class='ocr_line' id='line_1_41' title="bbox 394 4169 1511 4251; baseline -0.001 -18"><span class='ocrx_word' id='word_1_353' title='bbox 394 4187 434 4233; x_wconf 80' lang='lat' dir='ltr'>rau</span> <span class='ocrx_word' id='word_1_354' title='bbox 449 4170 607 4250; x_wconf 85' lang='lat' dir='ltr'>deuenisti,</span> <span class='ocrx_word' id='word_1_355' title='bbox 632 4178 665 4235; x_wconf 90' lang='lat' dir='ltr'>ut</span> <span class='ocrx_word' id='word_1_356' title='bbox 687 4175 715 4234; x_wconf 91' lang='lat' dir='ltr'>te</span> <span class='ocrx_word' id='word_1_357' title='bbox 739 4172 840 4251; x_wconf 92' lang='lat' dir='ltr'>ipsum</span> <span class='ocrx_word' id='word_1_358' title='bbox 858 4172 1072 4251; x_wconf 88' lang='lat' dir='ltr'>imperatorem</span> <span class='ocrx_word' id='word_1_359' title='bbox 1097 4171 1279 4247; x_wconf 83' lang='lat' dir='ltr'>nominares,</span> <span class='ocrx_word' id='word_1_360' title='bbox 1304 4169 1432 4248; x_wconf 91' lang='lat' dir='ltr'>impune</span> <span class='ocrx_word' id='word_1_361' title='bbox 1449 4187 1511 4232; x_wconf 93' lang='lat' dir='ltr'>non</span> 
     </span>
     <span class='ocr_line' id='line_1_42' title="bbox 447 4257 1512 4338; baseline 0.001 -18"><span class='ocrx_word' id='word_1_362' title='bbox 447 4260 619 4322; x_wconf 76' lang='lat' dir='ltr'>transibis.“</span> <span class='ocrx_word' id='word_1_363' title='bbox 667 4261 702 4321; x_wconf 82' lang='lat' dir='ltr'>Et</span> <span class='ocrx_word' id='word_1_364' title='bbox 724 4260 822 4320; x_wconf 89' lang='lat' dir='ltr'>statim</span> <span class='ocrx_word' id='word_1_365' title='bbox 847 4260 917 4318; x_wconf 89' lang='lat' dir='ltr'>fecit</span> <span class='ocrx_word' id='word_1_366' title='bbox 940 4277 1009 4319; x_wconf 91' lang='lat' dir='ltr'>eum</span> <span class='ocrx_word' id='word_1_367' title='bbox 1034 4259 1157 4335; x_wconf 82' lang='lat' dir='ltr'>egregie</span> <span class='ocrx_word' id='word_1_368' title='bbox 1180 4257 1332 4320; x_wconf 85' lang='lat' dir='ltr'>verberari</span> <span class='ocrx_word' id='word_1_369' title='bbox 1356 4261 1386 4318; x_wconf 90' lang='lat' dir='ltr'>et</span> <span class='ocrx_word' id='word_1_370' title='bbox 1408 4263 1512 4338; x_wconf 87' lang='lat' dir='ltr'>postea</span> 
     </span>
    </p>
   </div>
   <div class='ocr_carea' id='block_1_3' title="bbox 0 0 1779 5025">
    <p class='ocr_par' dir='ltr' id='par_1_3' title="bbox 0 0 1779 5025">
     <span class='ocr_line' id='line_1_43' title="bbox 0 0 1779 5025; baseline 0 0"><span class='ocrx_word' id='word_1_371' title='bbox 0 0 1779 5025; x_wconf 95' lang='lat' dir='ltr'> </span> 
     </span>
    </p>
   </div>
  </div>
 </body>
</html>
