3525 5025
830 457 1073 514 —108—

418 629 527 693 volens
563 647 614 693 eas
652 629 760 693 iterum
800 626 852 692 aut
886 628 1020 709 perdere,
1058 633 1110 692 aut
1143 629 1325 709 virginitatis
1359 630 1478 693 nomine

363 736 405 783 aas
420 718 570 799 virginem
605 718 747 798 spoliare.
802 717 861 781 Cui
897 735 1004 782 servus
1033 723 1154 798 accepte
1186 717 1346 798 quondam
1376 719 1480 781 iniurie

420 826 484 876 non
516 807 688 884 immemor,
718 808 880 887 pecuniam
912 808 971 870 sub
1002 808 1064 871 hoc
1090 811 1178 888 pacto
1210 807 1357 886 concedit,
1386 812 1423 885 ut,
1451 808 1479 871 si

421 896 499 961 infra
520 914 637 959 annum
662 897 759 977 ipsam
783 914 847 959 non
872 896 1046 971 restitueret,
1071 896 1137 977 ipse
1152 895 1192 960 de
1208 914 1298 960 carne
1314 902 1343 959 et
1364 896 1480 960 ossibus

420 986 540 1050 iuvenis
579 986 619 1049 ad
658 990 780 1049 centum
820 1003 988 1048 marcamm
1029 986 1154 1066 pondus
1192 986 1333 1049 auferret.
1388 984 1481 1060 Quod
1575 1020 1576 1059 r

420 1074 540 1139 iuvenis
563 1092 673 1156 parum
689 1092 799 1137 curans
815 1074 972 1151 concessit,
997 1074 1185 1155 insuperque
1207 1075 1235 1137 ei
1260 1074 1481 1155 cyrographum

365 1184 406 1231 uo
420 1182 479 1229 suo
507 1164 660 1227 munitum
690 1163 793 1243 sigillo
823 1163 955 1227 tradidit.
1000 1164 1131 1244 Accepta
1161 1181 1237 1243 ergo
1269 1164 1319 1227 ille
1350 1164 1482 1244 pecunia,

420 1252 498 1317 redit
526 1252 567 1316 ad
598 1252 758 1333 virginem,
793 1251 886 1316 offert
914 1256 1084 1332 argentum,
1114 1253 1223 1333 accipit
1253 1252 1312 1331 illa,
1343 1252 1484 1332 diemque
1575 1254 1576 1337 l

420 1344 513 1407 letum
544 1341 583 1405 ad
614 1360 777 1423 vesperum
808 1359 908 1421 usque
938 1341 1119 1422 perducunt
1169 1340 1245 1406 Sero
1275 1346 1385 1419 autern,
1413 1359 1484 1404 cum

420 1436 559 1513 paratum
582 1435 660 1495 esset
687 1430 873 1509 cubiculum,
898 1447 1061 1511 pennaque
1084 1448 1121 1494 ex
1146 1448 1233 1494 more
1256 1430 1386 1511 pulvillo
1412 1431 1486 1493 sub·
1575 1480 1576 1523 ,

421 1521 527 1601 posita,
555 1520 605 1583 ille
629 1521 770 1584 iuvenem
795 1520 995 1583 subsecutura
1019 1519 1170 1601 premittit
1217 1518 1282 1594 Qui
1307 1519 1424 1583 iuvenis
1443 1519 1486 1583 ad
1575 1534 1576 1591 j

365 1629 407 1675 san
423 1611 532 1673 lectum
572 1608 711 1690 preterite
749 1608 847 1672 noctis
886 1609 1012 1672 veniens
1050 1607 1211 1672 delusione
1250 1608 1310 1672 sibi
1350 1626 1387 1672 ex
1419 1608 1488 1671 lecti
1575 1606 1576 1635 ³

422 1697 555 1763 mollicie
589 1698 753 1778 contigisse
789 1703 912 1778 putans,
951 1697 1077 1762 cervical
1108 1697 1184 1760 illud
1221 1697 1316 1761 molle
1347 1698 1488 1775 removit,

422 1805 493 1851 cum
517 1806 582 1868 quo
612 1792 641 1850 et
667 1787 770 1867 strigis
799 1786 926 1851 fortuito
956 1804 1028 1850 casu
1059 1787 1191 1851 excussit
1221 1804 1366 1867 pennam.
1412 1786 1491 1861 Quo
1575 1786 1576 1809 ¹

421 1878 500 1941 facto
531 1877 671 1940 membra
701 1876 824 1939 dimittit
855 1876 940 1954 lecto,
972 1875 1134 1956 suspendit
1163 1893 1286 1941 sursum
1320 1876 1490 1957 palpebras,

421 1971 450 2030 et
479 1983 592 2029 somno
626 1966 697 2029 totis
731 1965 849 2029 viribus
880 1966 1048 2028 reluctatur.
1101 1965 1140 2027 nt
1170 1964 1221 2027 illa
1252 1965 1395 2028 iuvenem
1423 1966 1491 2029 suis

366 2075 407 2120 uo
423 2056 532 2119 itemm
555 2055 671 2118 artibus
695 2054 820 2134 magicis
849 2053 1045 2119 obdormisse
1076 2058 1193 2135 putans,
1226 2072 1332 2117 secura
1355 2059 1384 2117 et
1407 2054 1492 2118 nuda

422 2146 504 2207 iuxta
527 2144 628 2225 ipsum
653 2161 686 2207 se
709 2144 845 2208 collocat
893 2144 944 2206 llle
967 2161 1049 2221 vero,
1078 2147 1241 2225 postquam
1265 2143 1492 2223 aliquantulum

422 2233 554 2313 graviter
568 2250 601 2297 se
616 2233 753 2296 dormire
768 2232 948 2309 simulasset,
973 2232 1122 2312 virginem
1139 2232 1177 2295 ad
1194 2250 1227 2295 se
1242 2232 1340 2317 trahit,
1365 2232 1494 2312 requirit
1575 2250 1576 2267 ¹

422 2322 570 2385 debitum.
606 2321 749 2385 Confusa
763 2322 812 2384 illa
829 2322 1005 2402 repletaque
1021 2329 1146 2402 stupore
1161 2320 1343 2399 vehementi,
1368 2326 1492 2402 pactum

422 2428 618 2491 nequaquam
643 2429 755 2491 negare
778 2411 886 2491 potuit.
934 2410 1021 2486 Quid
1051 2411 1160 2490 plura?
1207 2410 1279 2474 Nox
1310 2410 1361 2473 illa
1392 2428 1495 2491 usque
1575 2440 1576 2497 p

367 2521 408 2566 us
423 2501 461 2564 ad
485 2499 567 2564 diem
592 2499 722 2564 deducta
746 2504 797 2577 est,
830 2518 919 2564 mane
942 2504 1043 2564 autem
1072 2500 1149 2563 inter
1176 2517 1209 2564 se
1236 2504 1310 2564 voto
1333 2504 1363 2563 et
1388 2500 1493 2581 [l5501
1575 2523 1576 2592 l

422 2607 547 2654 assensu
587 2591 652 2671 pari
687 2590 922 2667 concordantes,
962 2607 1065 2653 coram
1104 2589 1209 2653 amicis
1244 2594 1273 2652 et
1306 2590 1496 2670 propinquis

423 2697 487 2743 non
520 2680 588 2743 sine
617 2679 819 2743 admiratione
850 2679 1028 2760 invidiaque
1061 2678 1229 2742 multorum
1262 2679 1385 2758 nuptias
1417 2681 1496 2743 cele·
1575 2753 1576 2766 ἢ

423 2769 557 2832 brarunt.

513 2858 611 2921 Porro
646 2857 766 2922 iuvenis
800 2857 958 2937 prosperis
990 2856 1224 2919 succedentibus
1254 2855 1415 2920 creditoris
1449 2858 1496 2921 sui
1575 2911 1576 2942 ,

368 2965 408 3011 uo
424 2946 538 3010 oblitus
561 2945 722 3028 pecuniam
747 2946 825 3009 infra
847 2945 1011 3009 terminum
1036 2945 1233 3009 constitutum
1258 2962 1321 3008 non
1351 2945 1498 3024 reddidit
1575 2949 1576 3020 l

424 3036 508 3099 unde
524 3036 638 3116 loripes
654 3035 704 3098 ille
720 3033 893 3099 ulciscenda
909 3035 1020 3097 iniurie
1037 3034 1273 3114 oportunitatem
1289 3052 1322 3097 se
1338 3034 1498 3100 invenisse
1575 3029 1576 3092 l

424 3126 556 3205 gavisus,
588 3143 701 3205 regem,
733 3125 786 3205 qui
817 3127 892 3187 tunc
921 3123 1069 3203 temporis
1100 3141 1230 3203 regnum
1262 3124 1391 3202 tenebat,
1425 3126 1498 3201 adit,
1575 3113 1576 3202 l

424 3219 528 3277 movet
542 3214 581 3277 de
598 3215 708 3277 iuvene
724 3213 889 3294 querelam,
913 3217 1017 3276 testem
1039 3213 1116 3293 pacti
1133 3212 1357 3294 cyrographum
1378 3215 1500 3293 profert
1575 3275 1576 3278 ,

424 3304 456 3367 in
481 3303 617 3367 medium
643 3303 785 3366 iustitiam
816 3321 910 3382 super
938 3303 998 3364 hoc
1027 3301 1094 3364 fieri
1126 3319 1247 3381 rogans.
1295 3300 1358 3369 Rex
1382 3307 1500 3379 autem,

369 3409 409 3456 rus
425 3397 458 3456 ut
468 3393 663 3473 equissimus,
679 3391 803 3455 crudele
814 3408 1002 3472 quamquam
1016 3390 1188 3454 boresceret
1203 3395 1332 3471 pactum,
1349 3390 1499 3456 iuvenem

424 3487 523 3545 tanim
548 3483 643 3545 adse
671 3481 775 3544 venire
803 3481 945 3561 precepit,
977 3479 1159 3544 accusatoris
1191 3480 1238 3543 suf
1269 3496 1500 3560 responsurum

424 3571 565 3652 querelis.
612 3571 700 3633 Tunc
733 3570 856 3633 tandem
893 3570 1012 3632 iuvenis
1042 3569 1135 3632 debiti
1169 3567 1376 3646 reminiscens,
1415 3571 1502 3652 regis

424 3660 598 3724 auctoritate
621 3660 804 3740 perterritus,
828 3676 899 3722 cum
923 3658 1094 3722 amicorum
1110 3657 1201 3720 turba
1216 3657 1413 3737 maximaque
1432 3660 1501 3724 auri

424 3756 453 3813 et
475 3750 591 3830 argenti
615 3749 703 3829 copia
727 3748 809 3811 venit
831 3748 869 3810 ad
895 3747 1018 3811 curiam.
1060 3747 1179 3810 Profert
1201 3746 1394 3809 adversarius
1418 3750 1502 3813 ciro·

370 3857 410 3903 roo
426 3839 587 3919 graphum,
619 3837 810 3917 recognoscit
839 3837 889 3899 ille
921 3837 1068 3917 iussuque
1099 3835 1180 3916 regis
1210 3835 1284 3897 dant
1312 3839 1500 3902 sententiam

425 3927 587 4008 principes,
617 3927 706 3990 licere
729 3926 841 3989 scilicet
864 3924 1003 4005 loripedi,
1036 3943 1126 4005 agere
1157 3923 1242 4004 quod
1275 3924 1501 4006 cirographum

426 4016 596 4093 testabatur,
632 4019 683 4078 aut
713 4019 856 4094 quantam
881 4015 1012 4078 voluerit
1043 4032 1101 4094 pro
1132 4013 1343 4094 redemptione
1373 4013 1502 4080 iuvenis

426 4105 588 4185 pecuniam
611 4104 756 4184 accipere.
803 4103 943 4183 Rogabat
964 4121 1040 4182 ergo
1071 4121 1123 4165 rex
1155 4101 1324 4183 loripedem
1349 4104 1503 4181 quatinus

426 4193 528 4254 iuveni
557 4208 684 4269 parcens
715 4190 868 4270 duplicem
902 4191 1047 4271 reciperet
1077 4191 1247 4272 pecuniam.
1294 4189 1392 4265 Quod
1426 4213 1501 4258 cum

1527 4347 1576 4660 l
