3525 5025
820 508 1063 566 -192—

354 698 397 746 ou
411 685 442 744 et
454 680 568 744 vetula:
594 679 655 759 asi,
670 680 739 745 viro
754 679 918 761 incipiente
932 679 1078 758 dormire,
1098 680 1256 761 potueritis
1271 699 1343 744 curn
1361 681 1485 745 rasorio

408 773 568 852 amputare
589 774 650 833 tres
673 769 755 851 pilos
769 769 809 832 de
828 768 925 832 barba
948 768 1023 848 eius,
1046 769 1125 832 etei
1148 768 1311 834 comedere
1335 769 1485 834 dederitis
1615 770 1616 834 t

410 858 597 936 combustos,
620 864 694 923 tunc
716 858 783 940 ipse
797 857 837 922 de
859 861 960 922 cetero
983 858 1109 922 habebit
1124 876 1190 922 eam
1215 876 1350 937 exosam,
1373 863 1404 922 et
1422 876 1484 923 vos

410 947 516 1028 diliget
544 947 616 1029 pius
645 965 737 1028 quarn
769 947 884 1029 prius·
933 945 1015 1010 Cum
1038 950 1139 1010 autem
1164 947 1215 1011 illa
1238 947 1264 1011 ei
1289 947 1486 1029 promisisset
1615 974 1616 1032 ς

410 1036 497 1117 quod
528 1037 588 1100 hoc
618 1041 707 1100 nocte
737 1035 875 1116 sequenti
906 1035 1024 1114 iaceret,
1055 1037 1139 1100 venit
1169 1036 1270 1101 vetula
1298 1036 1338 1100 ad
1369 1037 1483 1116 virum,
1615 1035 1616 1114 ξ

355 1143 397 1190 eoo
412 1125 518 1190 dicens
551 1124 637 1206 quod
671 1124 830 1189 audiverat
862 1123 977 1188 dictum
1009 1125 1152 1190 clericum
1188 1130 1217 1189 et
1251 1144 1379 1190 uxorem
1414 1124 1485 1206 eius
1615 1129 1616 1144 ²

411 1215 595 1296 protoqutos
624 1214 719 1278 tuisse
743 1219 872 1278 mortem
897 1231 998 1293 suam,
1028 1220 1057 1278 et
1084 1213 1161 1278 dixit
1188 1214 1283 1295 quod,
1314 1214 1340 1279 si
1363 1214 1392 1278 ei
1416 1232 1483 1279 non

410 1303 554 1382 crederet,
584 1303 686 1385 ipsum
709 1307 826 1367 certum
851 1302 998 1382 redderet,
1029 1308 1059 1367 et
1082 1308 1212 1368 mortem
1235 1304 1348 1368 vitaret.
1396 1303 1486 1368 Dixit
1615 1283 1616 1342 i

411 1411 487 1472 ergo
509 1393 537 1456 ei
560 1392 647 1473 quod
671 1409 751 1457 uxor
772 1410 829 1456 sua
851 1392 941 1456 veltet
967 1410 1039 1455 eum
1063 1393 1103 1456 de
1132 1393 1262 1458 consilio
1285 1392 1356 1456 dicti
1380 1393 1485 1457 clerici
1615 1427 1616 1452 2

410 1481 550 1562 jugulare
566 1486 654 1545 nocte
669 1482 809 1563 sequenti
824 1499 896 1544 cum
920 1482 1046 1560 rasorio,
1069 1487 1099 1544 et
1114 1481 1200 1562 quod
1224 1500 1295 1546 eum
1320 1482 1488 1546 inebriaret

356 1587 399 1634 cau
413 1570 439 1634 si
463 1574 579 1652 posset;
603 1571 689 1652 quod
713 1571 779 1652 ipse
801 1570 860 1634 sibi
885 1575 1003 1634 caveret
1024 1589 1042 1634 a
1066 1571 1164 1635 nimio
1187 1576 1262 1652 potu
1286 1575 1316 1634 et
1337 1589 1485 1652 sompno,

411 1659 467 1724 sed
491 1659 622 1739 fingeret
643 1677 676 1724 se
699 1659 818 1723 fortiter
838 1658 1053 1739 dormientem,
1084 1664 1120 1738 et,
1152 1678 1222 1724 cum
1246 1659 1370 1725 sentiret
1392 1661 1483 1741 quod
1615 1671 1616 1736 ζ

412 1765 493 1812 uxor
513 1766 570 1814 sua
592 1752 697 1829 guttur
719 1748 786 1828 ejus
808 1749 940 1825 sentiret,
969 1749 1115 1829 arriperet
1146 1767 1288 1830 pugnum
1316 1749 1383 1829 ejus
1409 1767 1484 1813 cum

413 1838 531 1902 rasorio
546 1841 576 1901 et
590 1838 731 1902 excitaret
753 1837 899 1901 familiam
923 1855 1011 1901 suam
1028 1842 1057 1902 et
1072 1838 1176 1918 ignem
1193 1838 1304 1902 taceret
1325 1838 1484 1917 succendi,
1615 1830 1616 1914 i

413 1930 447 1990 ut
461 1944 572 1991 omnes
586 1926 725 1990 viderent
739 1925 963 2007 prodicionem.
1002 1927 1084 1993 Cum
1101 1932 1203 1990 autem
1220 1926 1270 1991 itte
1286 1927 1346 1991 hoc
1360 1927 1485 1992 iecisset
1615 1935 1616 1988 t

356 2034 398 2081 aso
413 2021 447 2078 ut
469 2015 570 2078 vetula
592 2015 745 2094 docuerat,
769 2016 801 2079 in
818 2033 908 2080 mane
923 2017 1103 2080 convocavit
1119 2016 1236 2080 amieos
1251 2034 1326 2081 suos
1340 2020 1370 2079 et
1385 2034 1486 2080 sacer-
1615 2017 1616 2058 ³

412 2104 517 2169 dotem
540 2122 632 2168 suum
656 2109 686 2168 et
706 2105 823 2170 amicos
839 2105 953 2184 uxoris,
977 2123 1043 2169 eam
1068 2104 1107 2170 de
1131 2105 1313 2187 prodicione
1328 2105 1378 2169 tali
1394 2123 1486 2169 accu-

412 2211 483 2258 sans
495 2198 525 2258 et
535 2195 723 2258 convincens
738 2193 933 2258 ostendendo
949 2195 1109 2259 rasorium.
1133 2194 1215 2258 Cum
1228 2197 1328 2258 autem
1343 2198 1486 2258 matrona

413 2301 467 2364 pre
490 2283 674 2347 verecundia
697 2287 813 2362 taceret,
840 2284 960 2348 vocavit
987 2301 1053 2346 eam
1077 2282 1228 2362 sacerdos,
1260 2284 1420 2364 inquirens
1441 2283 1485 2348 ab
1615 2326 1616 2347 r

413 2390 448 2435 ea
478 2372 633 2436 veritatem
667 2372 761 2452 huius
790 2373 868 2450 facti,
903 2372 1042 2436 similiter
1071 2377 1101 2437 et
1130 2373 1245 2451 vimm;
1277 2376 1383 2454 postea
1413 2373 1487 2436 tecit
1615 2431 1616 2454 ,

358 2479 400 2527 osu
414 2461 517 2526 vocari
540 2460 682 2541 vetulam,
713 2479 775 2543 que
797 2461 958 2544 compulsa
980 2466 1025 2527 est
1047 2461 1148 2527 dicere
1171 2462 1336 2527 veritatem.
1385 2463 1422 2526 Et
1444 2462 1487 2527 ita

414 2555 494 2633 patet
517 2552 603 2631 quod
628 2551 733 2632 lingua
749 2552 884 2617 humana
899 2551 1067 2633 aliquando
1091 2553 1162 2633 plus
1185 2555 1285 2633 potest
1307 2552 1338 2615 in
1363 2552 1485 2616 malicia

413 2658 506 2721 quam
531 2639 710 2721 dyabolica.
723 2691 730 2706 .
743 2689 751 2705 .

790 2789 841 2848 23.
891 2784 944 2864 [=
967 2783 998 2848 s.
1023 2782 1107 2863 aas]

503 2907 543 2972 Se
566 2908 744 2988 peccatrices
768 2906 929 2972 ostendere
951 2908 999 2971 vel
1027 2925 1173 2990 apparere
1201 2925 1266 2972 non
1289 2907 1486 2972 erubescunt.
1615 2890 1616 2935 ss

414 2996 499 3061 Sicut
533 2996 615 3060 enim
648 3000 803 3077 serpentes
833 3001 862 3059 et
892 2996 1053 3074 dracones,
1086 3000 1202 3077 quanto
1231 3001 1304 3060 sunt
1338 2996 1485 3075 rufiores,

359 3104 401 3150 ero
416 3089 499 3149 tanto
533 3085 757 3163 venenaciores,
795 3085 839 3149 sic
874 3086 1025 3165 mulieres,
1064 3090 1180 3167 quanto
1214 3090 1287 3150 sunt
1320 3086 1351 3149 in
1387 3086 1487 3167 capite

415 3174 554 3252 tutiores,
578 3178 662 3239 tanto
684 3173 828 3238 videntur
850 3192 917 3239 esse
941 3176 1067 3239 interius
1089 3176 1315 3240 venenaciores.
1351 3175 1407 3238 Fui
1424 3193 1486 3255 ego
1615 3178 1616 3227 3

418 3264 460 3344 [in
484 3263 618 3343 quadam
645 3263 728 3345 villa]
760 3264 814 3327 ubi
845 3264 929 3327 natta
959 3264 1027 3329 talis
1057 3264 1167 3328 mulier
1197 3263 1329 3328 audebat
1358 3264 1484 3343 intrare;

415 3352 557 3417 sacerdos
580 3354 672 3431 enim,
700 3353 811 3416 timens
834 3352 918 3416 infici
942 3354 1134 3434 parrochiam
1158 3370 1246 3417 suam
1270 3355 1331 3418 hoc
1352 3371 1485 3433 veneno,
1615 3378 1616 3427 ι

416 3442 596 3505 instruxerat
630 3459 744 3523 pueros
778 3441 817 3505 ita
851 3442 947 3522 quod,
985 3442 1134 3524 quociens
1168 3442 1279 3507 mulier
1313 3442 1485 3507 meretricio
1615 3447 1616 3458 ¹

360 3548 402 3595 eru
418 3531 522 3595 habitu
546 3535 652 3595 ornata
675 3535 704 3594 et
726 3536 862 3595 croecata
877 3531 909 3594 in
933 3532 1093 3612 parrochia
1116 3536 1177 3595 tota
1199 3532 1372 3614 apparebat,
1396 3532 1485 3613 pueri
1615 3546 1616 3553 ¹

415 3620 586 3684 clamabant
616 3624 686 3701 post
715 3638 796 3685 eam:
834 3620 1020 3701 „egredere
1053 3621 1191 3698 rosselte,
1227 3639 1297 3685 cum
1329 3638 1487 3685 venenosa
1615 3610 1616 3627 ¹

417 3710 530 3791 peltett
580 3711 616 3773 Et
639 3710 833 3792 projicientes
860 3714 931 3790 post
957 3710 1137 3791 huiusmodi
1161 3710 1241 3790 vilia,
1271 3726 1322 3774 eas
1345 3709 1486 3790 fugando

416 3798 615 3880 expellebant.

793 3950 844 4005 24.
893 3942 1110 4023 [=s.245.1

506 4067 579 4129 ltem
615 4066 750 4146 quidam,
785 4067 893 4131 votens
924 4066 1095 4148 vituperare
1123 4066 1228 4144 alium,
1262 4065 1315 4130 ait:
1354 4066 1420 4131 „Tu
1452 4084 1486 4129 es

361 4171 403 4218 oso
418 4159 509 4234 caput
530 4155 652 4233 generis
675 4155 748 4217 tut«
782 4155 842 4220 Cui
866 4156 929 4219 ilte:
956 4156 1013 4221 „Et
1034 4160 1065 4217 tu
1090 4173 1123 4219 es
1145 4155 1243 4219 cauda
1265 4154 1387 4236 generis
1409 4154 1483 4218 tui·¹

418 4242 499 4314 item,
530 4258 601 4301 cum
625 4241 752 4315 quidam
776 4243 815 4302 de
839 4243 936 4305 nobiti
967 4260 1080 4320 genere
1103 4243 1232 4308 interior
1254 4246 1396 4322 maneret,
1427 4243 1487 4307 im·
1615 4264 1616 4303 2
