3525 5025
860 514 1080 572 ‚93-

441 686 491 750 hic
513 686 627 749 multos
650 685 740 762 lilios,
770 703 904 765 quorum
929 686 1151 767 primogenitus
1175 687 1296 750 militari
1320 687 1380 749 iam
1405 687 1498 751 balteo

440 776 626 857 cingebatur.
661 774 765 849 Quem
782 793 852 838 cum
876 780 962 855 pater
984 775 1075 839 nimis
1097 780 1199 839 tenere
1223 777 1371 857 diligeret,
1396 793 1499 840 omnes

385 884 415 931 ao
440 866 468 929 ei
491 881 563 929 suas
584 864 727 945 exposuit
748 863 869 927 divitias
883 864 1032 943 iussitque
1048 868 1081 927 ut
1099 864 1182 944 large
1198 866 1377 946 expendens
1393 865 1500 928 lamam

441 953 500 1018 sibi
527 958 558 1017 et
586 953 702 1017 amicos
731 952 845 1017 divitiis
874 956 1071 1034 compararet
1118 954 1184 1034 lpse
1211 972 1286 1017 vero
1317 974 1352 1018 ex
1387 953 1503 1017 licentia

442 1042 576 1125 paternis
608 1042 781 1105 fiducialius
817 1042 993 1123 largiusque
1024 1047 1112 1105 utens
1142 1043 1244 1121 rebus,
1275 1062 1382 1124 equos,
1414 1060 1502 1117 arma,

441 1136 539 1197 vestes
571 1135 739 1212 ceteraque,
772 1131 888 1210 quibus
921 1132 1020 1211 magis
1049 1131 1276 1195 adolescentum
1309 1136 1372 1196 etas
1404 1131 1503 1195 extolli

441 1220 644 1301 delectarique
665 1220 751 1297 solet,
773 1220 890 1283 studuit
912 1238 1098 1301 comparare,
1120 1222 1236 1284 amicos
1261 1223 1374 1285 multos
1400 1238 1504 1283 mune·

386 1330 415 1377 aa
442 1310 528 1374 ribus
549 1326 656 1373 emens
678 1309 765 1373 iacile
787 1315 857 1390 post
880 1326 1008 1372 munera
1030 1310 1070 1373 ab
1092 1310 1221 1373 amicitia
1245 1328 1432 1375 recessuros.
1473 1310 1503 1371 ln

441 1400 527 1463 brevi
542 1417 617 1479 ergo
628 1402 766 1479 tempore
782 1398 892 1462 loculis
907 1398 999 1479 patris
1011 1398 1164 1461 exhaustis
1179 1400 1317 1479 pecunia,
1334 1400 1372 1462 ad
1391 1403 1504 1480 patrem
1582 1395 1583 1410 ¹

441 1488 520 1552 redit
541 1488 654 1566 dicens,
686 1487 745 1551 sibi
773 1487 918 1568 pecunias
945 1487 1102 1551 deiecisse.
1149 1488 1237 1551 Tunc
1266 1489 1395 1551 demum
1426 1491 1506 1568 pater

442 1578 612 1658 recogitans
633 1594 738 1641 secum
762 1577 962 1657 penitensque
978 1576 1059 1639 lacti:
1084 1576 1252 1654 Quoniam,
1276 1577 1385 1658 inquit,
1410 1582 1439 1639 te
1463 1575 1505 1637 lili

442 1666 535 1730 nimis
561 1670 591 1729 et
618 1666 708 1730 stulte
734 1665 835 1741 dilexi,
866 1664 1014 1745 quicquid
1045 1664 1195 1728 habebam
1227 1670 1277 1729 tue
1306 1665 1505 1729 subdideram

386 1775 415 1823 sn
442 1756 588 1836 potestati,
621 1760 651 1818 at
680 1760 713 1818 tu
744 1772 872 1819 cernens
903 1755 1024 1818 frenum
1060 1754 1114 1818 tibi
1146 1755 1276 1817 laxatum
1307 1754 1506 1837 temperantis

441 1844 606 1907 immemor
621 1844 661 1907 ita
675 1844 781 1907 omnia
796 1843 1021 1924 consumpsisti,
1037 1847 1070 1906 ut
1082 1842 1174 1906 nichil
1191 1844 1283 1906 michi
1297 1848 1398 1924 preter
1409 1843 1505 1908 solam

442 1933 573 1997 domum
597 1933 764 2013 reliqueris.
810 1933 897 2007 Quid
924 1950 1000 2013 ergo
1023 1932 1077 1995 tibi
1106 1932 1204 2012 magis
1226 1932 1357 1997 faciam?
1407 1932 1507 1997 Doleo

442 2022 578 2103 quidem,
602 2021 688 2103 quod
712 2022 793 2085 lama
815 2039 993 2102 nomenque
1008 2026 1090 2084 tuam
1115 2022 1146 2084 in
1169 2021 1247 2085 flore
1271 2023 1439 2087 iuventutis
1459 2026 1507 2083 tue

443 2110 572 2193 deperit;
601 2111 657 2175 sed
689 2111 773 2174 unde
800 2115 828 2174 te
858 2114 1024 2175 sustentem
1049 2128 1112 2174 non
1142 2111 1250 2174 habeo.
1298 2112 1370 2176 Hoc
1393 2116 1505 2175 tantum

388 2218 416 2266 ur
443 2218 541 2263 unum
564 2205 704 2281 superest
726 2200 855 2279 consilii,
883 2200 937 2264 sed
961 2199 1177 2281 periculosum,
1209 2205 1243 2262 ut
1265 2200 1290 2263 si
1315 2219 1351 2264 ea
1375 2201 1507 2281 largitate

443 2307 505 2370 qua
528 2290 614 2370 prius
628 2290 730 2354 vivere
745 2290 800 2367 vis,
823 2290 931 2351 turrim
948 2289 979 2351 in
996 2307 1058 2369 qua
1077 2289 1157 2369 regis
1173 2289 1263 2369 positi
1280 2294 1352 2352 sunt
1366 2288 1506 2361 thesauri,

442 2379 502 2442 sub
525 2396 634 2442 oscure
657 2378 755 2442 noctis
778 2377 907 2456 silentio,
930 2378 956 2441 si
979 2378 1100 2456 audeas,
1123 2377 1279 2441 adeamus.
1309 2378 1426 2443 Audito
1451 2379 1507 2441 hoc
1582 2349 1583 2444 h

443 2467 539 2531 iilius:
563 2467 701 2546 Nullum,
724 2468 773 2546 ait,
797 2471 882 2549 pater
903 2485 995 2547 grave
1019 2467 1086 2530 licet
1108 2471 1137 2531 et
1160 2467 1380 2549 periculosum,
1407 2472 1506 2533 tecum

443 2559 548 2621 subire
570 2556 699 2637 refugio,
730 2561 847 2620 tantum
876 2574 915 2619 ne
938 2556 1038 2620 desint
1065 2556 1176 2635 divitie,
1210 2557 1315 2637 [tSt0]
1346 2559 1436 2622 nesi
1461 2557 1508 2620 ille
1582 2620 1583 2651 ¹

388 2665 416 2711 ro
442 2646 607 2710 defecerint
630 2647 766 2709 nominis
789 2664 916 2727 quoque
940 2646 999 2709 mei
1023 2645 1119 2725 gratia
1140 2651 1306 2709 evanescat.
1351 2647 1412 2711 Hic
1436 2663 1506 2720 non,

443 2753 463 2799 o
487 2754 548 2814 rex,
577 2753 596 2798 a
622 2735 731 2798 virtute
758 2736 907 2816 sperabat,
938 2735 1078 2815 gloriam,
1108 2735 1161 2814 qui
1192 2753 1258 2797 eam
1291 2737 1432 2816 pecuniis
1462 2735 1506 2798 vel
1582 2756 1583 2847 p

443 2824 531 2888 iuriis
561 2828 716 2905 putaverat
742 2825 890 2888 obtinere.
936 2823 1138 2903 Consurgunt
1168 2823 1260 2904 igitur
1287 2825 1382 2888 ambo
1412 2829 1507 2899 nocte,

443 2913 550 2976 turrim
566 2912 709 2989 addeunt,
734 2914 890 2993 perforant
906 2913 1022 2976 malleis
1038 2912 1142 2976 terreis
1159 2931 1292 2990 murum,
1312 2913 1403 2977 intrat
1418 2919 1507 2995 pater,

443 3003 626 3082 sublatoque
653 3007 802 3081 quantum
832 3003 944 3083 placuit
974 3000 1013 3065 de
1043 3002 1194 3079 thesauro,
1225 3002 1286 3064 exit
1316 3003 1509 3085 obstruitque
1582 2982 1583 3069 l

389 3110 416 3157 u
443 3092 592 3155 toramen.
639 3090 841 3160 Revertantur
874 3090 1004 3154 domum
1041 3091 1142 3154 onusti
1178 3090 1292 3172 opibus
1325 3092 1449 3172 alienis,
1483 3095 1510 3154 et

444 3180 563 3244 iuvenis
586 3179 695 3243 iterum
719 3197 775 3242 sua
798 3180 892 3243 utitur
914 3179 1056 3260 largitate.
1103 3179 1375 3260 Quandocumque
1399 3181 1509 3246 iterum

444 3287 524 3349 opus
547 3272 610 3332 erat
631 3269 753 3349 opibus,
783 3268 821 3332 ad
845 3269 1022 3332 thesaurum
1051 3269 1109 3332 sibi
1134 3273 1241 3332 notum
1272 3271 1510 3334 revertebantur.

444 3357 583 3438 Contigit
619 3362 733 3436 autem,
773 3362 806 3420 ut
839 3376 892 3421 rex
931 3357 1106 3421 thesaurum
1142 3375 1233 3420 suum
1268 3358 1374 3422 videre
1407 3360 1510 3434 vellet,

444 3447 651 3526 accersitoque
673 3447 800 3510 custode
823 3451 856 3509 ut
883 3447 1007 3511 intraret
1033 3446 1140 3509 turrim
1164 3446 1341 3526 videretque
1365 3466 1510 3530 magnam

389 3552 417 3599 ro
444 3536 575 3599 thesauri
600 3540 714 3616 partem
738 3536 888 3599 sublatam
912 3537 988 3600 lore.
1026 3537 1141 3599 Furore
1157 3554 1232 3616 ergo
1255 3536 1398 3617 repletus,
1423 3539 1512 3602 dissi·

444 3624 565 3687 mulans
588 3629 698 3702 tamen,
721 3624 884 3704 egreditur,
912 3626 1057 3706 venitque
1079 3624 1117 3688 ad
1142 3625 1328 3706 decrepitum
1353 3627 1512 3706 quendam

443 3729 548 3775 senem
577 3713 740 3776 eonsilium
769 3715 953 3793 quesiturus.
1001 3715 1108 3778 Fuerat
1137 3714 1187 3777 hic
1216 3732 1310 3778 senex
1340 3714 1512 3796 aliquando

444 3800 667 3864 famosissimus
691 3801 774 3880 latro,
806 3820 899 3883 quem
923 3803 1181 3884 comprehensum
1213 3821 1265 3866 rex
1288 3803 1387 3867 oculis
1412 3807 1513 3885 priva-

444 3892 527 3951 verat
549 3888 640 3968 eique
663 3889 702 3952 de
726 3907 832 3954 mensa
847 3909 903 3954 sua
922 3892 1093 3957 cotidianos
1107 3892 1302 3957 constituerat
1316 3892 1413 3956 cibos.
1453 3895 1514 3958 llic

390 3994 418 4042 ur
445 3976 508 4056 regi
536 3976 700 4039 consilium
730 3996 804 4059 sepe
834 3980 953 4042 bonum
982 3986 1011 4044 et
1038 3980 1111 4044 utile
1138 3981 1291 4061 prebebat,
1323 3984 1428 4062 utpote
1457 3985 1511 4062 qui

445 4065 539 4128 multa
572 4063 688 4129 viderat
719 4071 748 4130 et
776 4067 924 4146 audierat,
960 4086 1080 4150 suoque
1110 4071 1319 4150 experimento
1348 4069 1513 4136 didiscerat

445 4154 547 4218 multa.
593 4153 703 4216 Narrat
725 4155 751 4217 ei
777 4173 830 4218 rex
852 4155 1023 4236 dampnum
1047 4173 1139 4219 suum
1164 4159 1324 4238 queritque
1347 4162 1512 4239 quomodo

445 4242 561 4318 perdita
593 4257 772 4317 recuperare
800 4241 904 4316 possit.
954 4242 1013 4301 Cui
1043 4259 1136 4303 senex
1166 4245 1223 4307 tale
1254 4247 1306 4309 dat
1336 4247 1512 4314 consilium.
