3525 5025
894 476 1115 534 ,23-

419 668 459 713 rao
476 648 626 725 Permitte,
648 647 748 728 inquit
768 647 825 725 illa,
846 645 1002 712 carissime
1021 647 1149 711 domine
1171 648 1223 725 mi,
1239 652 1272 710 ut
1287 648 1415 712 oculum
1432 664 1530 710 sanum

474 736 646 800 medicinali
670 741 732 801 arte
755 735 938 801 confirmem
962 740 992 800 et
1013 737 1189 813 canninem,
1214 755 1253 800 ne
1276 737 1315 799 ila
1338 736 1480 800 deveniat
1499 735 1532 797 de

473 843 557 904 sano,
582 828 615 889 ut
636 825 712 889 mihi
735 826 796 905 jam
821 823 923 888 evenit
944 824 984 888 de
1005 843 1159 906 percusso,
1183 826 1257 906 quia
1279 826 1430 889 damnum
1453 829 1530 887 tuum

472 932 606 979 comune
629 918 674 978 est
696 914 800 979 nobis.
820 950 845 957 -
867 920 896 977 8.
921 914 1153 996 Apponensque
1176 933 1213 979 os
1235 932 1327 979 suum
1350 913 1390 977 ad
1415 913 1530 979 oculum

474 1021 584 1067 sanum
608 1002 725 1067 tamdiu
749 1003 832 1068 lovit.
848 1020 1014 1084 quousque
1036 1022 1053 1066 a
1077 1004 1147 1068 loco
1171 1004 1225 1068 ubi
1252 1003 1454 1068 absconditus
1479 1005 1533 1065 erat

420 1111 460 1159 165
475 1092 591 1156 amicus
606 1093 673 1157 viro
698 1093 850 1157 nesciente
869 1092 1016 1156 discessit.
1055 1092 1194 1156 Tandem
1217 1110 1251 1157 se
1274 1094 1408 1173 erigens:
1434 1091 1532 1168 Modo,

475 1182 582 1262 inquit,
611 1182 765 1245 carissime
792 1181 846 1259 vir,
873 1182 916 1245 sis
942 1198 1070 1245 securus
1099 1199 1139 1245 ne
1162 1182 1201 1245 de
1225 1184 1286 1246 hoc
1307 1183 1400 1246 oculo
1424 1181 1534 1245 eveniat

474 1270 602 1351 qualiter
617 1270 657 1334 de
680 1270 774 1336 altero
797 1271 908 1335 evenit.
944 1272 1010 1351 Jam
1026 1275 1114 1352 potes
1137 1271 1162 1335 si
1185 1271 1242 1334 tibi
1258 1272 1355 1352 placet
1372 1270 1413 1333 ad
1430 1271 1531 1334 lectum

474 1359 670 1424 descendere.
692 1395 724 1404 -

910 1502 960 1564 xl.
1010 1509 1104 1565 1-4.

569 1634 594 1688 l.
617 1625 741 1689 Dictum
758 1630 803 1689 est
818 1626 857 1689 de
873 1626 1010 1706 quodam
1027 1626 1081 1707 qui
1098 1644 1226 1706 peregre
1241 1626 1443 1707 proficiscens
1459 1643 1533 1689 corn-

420 1734 461 1779 111
477 1715 558 1779 misit
573 1732 701 1779 uxorem
717 1732 804 1778 suam
821 1716 923 1779 socrui
939 1732 1022 1779 suae.
1048 1717 1138 1781 Uxor
1151 1719 1252 1778 autem
1268 1733 1323 1778 sua
1337 1715 1434 1778 alium
1445 1732 1533 1795 quen·

474 1806 545 1867 dam
569 1804 728 1881 adamavit,
752 1808 781 1867 et
803 1804 890 1867 matri
915 1806 976 1867 hoc
998 1804 1150 1868 indicavit
1194 1802 1283 1878 Quae
1306 1808 1462 1868 commota
1484 1820 1533 1884 pro

474 1893 538 1955 filla
558 1892 630 1955 iavit
650 1893 757 1971 amori,
779 1897 808 1956 et
827 1909 1003 1957 convocans
1019 1912 1149 1974 procum
1166 1893 1267 1974 coepit
1281 1911 1352 1956 cum
1368 1911 1407 1956 eo
1424 1891 1533 1974 epulari

475 1988 504 2045 et
525 1981 597 2046 lilia.
648 1990 676 2046 2.
704 1982 906 2063 Epulantibus
929 1982 989 2046 illis
1012 1982 1189 2063 supervenit
1211 1982 1345 2060 maritus,
1369 1985 1399 2044 et
1429 1982 1533 2045 ostium

476 2071 616 2153 pulsavit.
658 2072 693 2133 El
713 2088 904 2151 consurgens
927 2071 1038 2135 mulier
1053 2089 1182 2152 procum
1198 2070 1367 2147 abscondit,
1383 2074 1414 2134 et
1429 2071 1533 2135 ostium

421 2178 461 2224 175
477 2164 582 2241 postea
597 2160 727 2224 domino
743 2160 870 2241 aperuit.
911 2160 975 2235 Qui
992 2165 1155 2242 postquam
1173 2160 1300 2238 intravit,
1317 2165 1351 2223 ut
1365 2160 1461 2223 lectus
1481 2159 1534 2222 sibi

476 2253 670 2330 praeparetur
686 2249 845 2330 praecepit,
863 2268 934 2312 nam
951 2250 1108 2330 quiescere
1123 2249 1252 2327 volebat,
1269 2249 1342 2329 quia
1358 2249 1456 2313 lassus
1470 2251 1533 2311 erat

477 2344 506 2400 3.
523 2338 657 2401 Turbata
673 2339 783 2401 mulier
798 2338 949 2403 dubitavit
963 2339 1039 2419 quid
1055 2339 1173 2402 taceret.
1197 2337 1293 2412 Quod
1310 2337 1420 2401 videns
1435 2342 1534 2401 mater:

476 2428 524 2490 Ne
540 2427 671 2505 festines,
689 2427 797 2507 inquil,
813 2427 884 2504 iilia,
897 2429 1009 2491 lectum
1022 2446 1210 2508 praeparare,
1222 2427 1323 2491 donec
1336 2430 1534 2491 monstremus

476 2517 585 2582 marito
608 2521 662 2580 tuo
686 2517 813 2580 linteum
838 2517 925 2598 quod
948 2517 1086 2582 lecimus.
1115 2553 1141 2561 —
1173 2519 1209 2580 Et
1231 2517 1392 2581 extrahens
1415 2517 1534 2580 linteum

421 2625 462 2671 rao
477 2607 577 2670 vetula
597 2610 746 2686 quantum
763 2607 862 2687 potuit
880 2624 979 2670 unum
995 2624 1092 2670 cornu
1114 2606 1196 2670 illius
1210 2606 1339 2685 sustulit,
1363 2610 1393 2669 et
1414 2607 1533 2669 alterum

475 2695 556 2759 filiae
568 2713 641 2760 suae
653 2695 878 2759 sublevandum
893 2694 985 2759 dedit.
1010 2695 1061 2760 Sic
1072 2696 1158 2776 quod
1172 2696 1266 2759 linteo
1277 2699 1403 2759 extenso
1415 2695 1536 2758 delusus

476 2790 520 2848 est
532 2785 666 2862 maritus,
678 2802 844 2865 quousque
855 2785 910 2865 qui
923 2785 1048 2849 latuerat
1059 2784 1254 2865 egrederetur
1265 2784 1390 2848 amicus.
1408 2793 1438 2847 4.
1454 2785 1536 2846 Tunc

474 2874 516 2936 ait
530 2874 611 2938 tiliae
627 2892 712 2938 suae:
739 2873 874 2937 Extende
890 2873 1017 2937 linteum
1033 2891 1127 2955 super
1148 2873 1257 2937 lectum
1275 2873 1373 2936 mariti
1396 2873 1449 2951 tui,
1469 2871 1537 2952 quia

477 2963 620 3026 manibus
640 2963 700 3025 tuis
721 2967 751 3025 et
771 2963 847 3026 meis
867 2966 1042 3026 contextum
1064 2967 1117 3026 est.
1141 2998 1168 3007 ·-
1193 2960 1253 3026 Cui
1270 2962 1411 3026 maritus:
1443 2963 1477 3024 Ε1
1496 2964 1536 3036 tu,

422 3069 463 3115 ras
478 3051 613 3129 domina,
637 3051 696 3115 scis
711 3052 769 3115 tale
785 3052 912 3115 linteum
929 3052 1130 3133 praeparare?
1149 3087 1175 3096 -
1193 3053 1229 3115 Ε1
1244 3052 1306 3114 illa:
1331 3050 1363 3115 O
1378 3051 1432 3130 lili,
1449 3049 1537 3114 multa

477 3139 655 3219 hujusmodi
680 3141 865 3221 praeparavi.
891 3177 934 3186 —

903 3284 966 3347 Xll.
1015 3291 1110 3347 1-4.

570 3416 595 3471 l.
620 3408 757 3478 Relatum
781 3412 833 3487 est,
858 3408 965 3488 inquit,
990 3407 1075 3485 mihi,
1099 3407 1185 3488 quod
1201 3406 1327 3487 quidam
1345 3406 1536 3488 proficiscens

476 3498 630 3561 commisit
660 3497 824 3578 conjugem
856 3515 943 3562 suam
974 3497 1077 3561 socrui
1107 3514 1181 3560 suae
1210 3495 1402 3560 servandam.
1455 3496 1537 3560 Uxor

476 3592 576 3650 autem
609 3587 687 3650 clam
716 3586 859 3667 juvenem
891 3586 1047 3667 quendam
1077 3586 1198 3665 amavit,
1233 3585 1319 3665 quod
1353 3601 1428 3648 suae
1456 3581 1536 3647 matri

423 3691 463 3738 roo
478 3676 619 3756 protinus
649 3675 800 3740 indicavit.
855 3676 908 3738 llla
940 3693 1014 3740 vero
1047 3675 1147 3738 amori
1177 3674 1342 3750 consensit,
1377 3677 1538 3755 paratoque

476 3764 620 3830 convivio
643 3765 748 3830 ascivit
768 3765 922 3844 juvenem.
970 3772 999 3828 2.
1029 3764 1156 3838 Quibus
1178 3763 1374 3845 epulantibus
1396 3762 1537 3826 dominus

476 3854 603 3918 veniens
623 3855 748 3935 januam
772 3854 910 3935 pulsavit
956 3853 1093 3918 Surrexit
1120 3853 1222 3933 itaque
1244 3870 1335 3930 uxor,
1370 3856 1400 3915 et
1430 3847 1538 3915 dimisit
1578 3848 1579 3877 ³

478 3943 617 4006 maritum
651 3944 771 4006 intrare.
817 3943 878 4008 Sed
912 3946 1007 4005 mater
1035 3960 1106 4005 cum
1129 3942 1246 4006 amasio
1269 3941 1350 4004 filiae
1374 3953 1536 4012 remanens,

477 4031 562 4111 quod
587 4033 674 4096 locus
694 4033 747 4096 ubi
764 4050 835 4096 eum
851 4030 1053 4095 absconderet
1068 4048 1132 4095 non
1149 4035 1219 4113 eral,
1242 4030 1317 4111 quid
1334 4030 1445 4093 laceret
1459 4027 1537 4110 pn'us

423 4138 463 4186 ua
478 4121 636 4187 dubitavit.
672 4121 732 4186 Sed
757 4122 832 4185 dum
849 4121 914 4184 lilia
927 4137 985 4184 suo
1001 4120 1115 4184 ostium
1131 4121 1261 4202 aperiret
1276 4119 1394 4197 marito,
1417 4114 1537 4198 arripuit

477 4210 577 4274 vetula
597 4210 716 4274 nudum
736 4208 873 4289 gladium
894 4213 923 4270 et
938 4209 1092 4272 commisit
1111 4209 1236 4287 amasio,
1254 4207 1404 4287 iussitque
1425 4211 1459 4271 ut
1476 4208 1538 4269 aute
