3525 5025
457 809 530 871 ltem
547 807 676 889 quidam
696 807 863 888 episcopus
887 807 918 869 in
941 810 1020 870 terra
1035 805 1250 886 Albigensium
1276 805 1453 886 predicavit

312 913 354 960 no
368 895 565 962 credentibus
588 895 794 961 hereticorum
815 895 902 976 quod
926 894 1042 959 similes
1064 899 1150 958 erant
1172 893 1295 958 cuidam
1320 894 1449 973 rustico,

367 985 422 1068 qui
445 1003 515 1049 cum
540 985 719 1067 simpliciter
741 985 797 1048 iret
820 984 971 1066 perviam
987 983 1026 1046 ad
1043 983 1147 1047 forum
1168 988 1295 1064 portans
1317 1001 1449 1063 agnum,

367 1073 495 1155 quidam
518 1073 694 1138 trutlatores
724 1073 769 1137 sic
797 1091 869 1138 eum
895 1091 932 1137 ex
960 1071 1105 1137 condicto
1128 1071 1324 1154 deceperunt.
1372 1072 1448 1135 Pre-

367 1168 525 1228 oesserunt
557 1167 618 1226 tres
656 1163 725 1240 diu,
763 1162 803 1226 ad
839 1162 970 1226 invicem
1005 1161 1111 1242 spacio
1135 1162 1167 1224 in
1202 1162 1251 1225 via
1285 1161 1447 1244 distantes;

368 1256 495 1332 quartus
517 1251 687 1333 expectavit
708 1269 790 1330 eum,
814 1255 850 1331 et,
874 1268 945 1315 cum
970 1251 1128 1315 habuisset
1151 1250 1239 1332 plura
1254 1250 1348 1314 verba
1371 1267 1446 1314 cum

314 1358 356 1405 tao
370 1359 417 1420 eo,
440 1340 573 1422 quesivit
594 1340 625 1404 in
649 1340 715 1404 tine
729 1358 825 1421 quare
840 1343 975 1422 portaret
989 1344 1019 1403 et
1033 1340 1087 1403 ubi
1105 1357 1211 1402 canem
1228 1339 1325 1404 illum.
1360 1338 1447 1402 Cum

368 1433 470 1494 autem
494 1429 546 1492 ille
569 1430 701 1494 rusticus
724 1428 838 1493 diceret
859 1429 947 1510 quod
972 1446 1035 1492 non
1060 1432 1123 1492 erat
1146 1429 1237 1507 canis,
1261 1429 1314 1494 sed
1333 1446 1447 1508 agnus

369 1521 493 1582 econtra
514 1517 594 1582 alius
623 1518 778 1582 asserebat
799 1535 916 1597 sanem,
948 1521 978 1582 et
1007 1535 1079 1581 eum
1107 1517 1251 1581 delusum
1280 1521 1310 1580 et
1336 1534 1447 1581 cecum

369 1607 424 1689 qui
447 1607 508 1670 hoc
531 1624 595 1671 non
618 1607 743 1684 videret,
766 1611 797 1670 et
819 1607 851 1669 in
867 1607 938 1671 foro
954 1605 1157 1669 irridendum.
1196 1606 1325 1670 Miratus
1340 1606 1447 1688 primo

369 1713 433 1760 non
458 1695 595 1774 credidit,
628 1695 705 1778 [sed]
731 1695 812 1760 viam
835 1712 924 1759 suam
949 1695 1010 1759 ivn
1058 1695 1168 1759 Postea
1190 1695 1347 1758 secundus
1371 1713 1447 1758 eum

316 1803 357 1850 rao
371 1785 403 1848 in
427 1784 530 1848 verbis
553 1785 666 1865 posuit,
688 1788 718 1848 et
741 1785 822 1848 idem
840 1785 927 1865 quod
944 1785 1030 1866 prior
1045 1784 1129 1864 dixit,
1153 1784 1239 1864 quasi
1259 1783 1448 1848 admirando

370 1874 458 1954 quod
484 1873 572 1954 [non]
597 1873 715 1938 videret
737 1891 842 1938 canem
868 1873 1044 1954 essequod
1068 1873 1191 1937 ferebat
1224 1872 1382 1941 Recedens
1404 1874 1448 1936 ab

370 1980 417 2040 eo,
448 1962 561 2045 incepit
584 1962 726 2041 dubitari,
758 1963 870 2026 timens
895 1981 934 2026 ne
964 1962 1043 2026 iorle
1073 1980 1181 2026 verum
1212 1961 1326 2026 diceret
1355 1965 1386 2025 et
1411 1979 1449 2026 se

371 2068 438 2115 esse
461 2050 596 2115 illusum.
641 2052 768 2116 Tercius
794 2056 897 2115 autem
929 2055 1035 2132 postea
1058 2067 1231 2128 occurrens,
1262 2051 1339 2114 dixit
1361 2050 1448 2114 idem

371 2140 457 2221 quod
488 2140 552 2219 alii;
582 2144 656 2205 tunc
686 2141 816 2205 rusticus
847 2139 946 2220 magis
973 2140 1132 2204 dubitavit.
1180 2140 1290 2203 Postea
1317 2144 1448 2221 quartus

317 2246 358 2293 mu
373 2230 472 2310 magis
495 2229 656 2308 insultavit,
687 2227 794 2294 dicens
817 2229 913 2311 quod,
946 2229 971 2292 si
996 2230 1074 2294 ultra
1097 2247 1203 2293 mnem
1236 2229 1322 2292 illum
1346 2228 1447 2308 terret,

372 2319 404 2380 in
427 2318 498 2382 foro
520 2318 561 2381 ab
584 2318 732 2383 omnibus
755 2317 934 2382 irrideretur
956 2322 985 2381 el
1004 2317 1252 2399 vilipenderemr.
1287 2317 1352 2392 Qui
1372 2322 1449 2382 tunc

372 2407 503 2472 omnino
534 2406 662 2470 credens
694 2407 781 2488 quod
811 2424 920 2471 vemm
951 2406 1095 2485 dicerent,
1127 2406 1254 2489 proiecit
1276 2425 1394 2487 agnum
1417 2411 1449 2470 et

372 2496 488 2561 dimisit
510 2501 539 2561 et
561 2495 692 2561 admisit

750 2681 803 2743 aa.
850 2675 904 2755 [=
929 2674 958 2739 S.
984 2675 1069 2754 aas]

463 2816 511 2881 nd
535 2817 615 2881 hanc
637 2817 894 2896 ludificationem,
926 2835 988 2897 que
1010 2816 1046 2880 lit
1069 2817 1100 2879 in
1124 2817 1285 2898 sompniis,
1317 2818 1450 2899 pertinet

320 2925 360 2972 rm
375 2923 462 2971 error
484 2907 605 2970 illamm
630 2906 873 2987 mulierumque
896 2906 1004 2970 dicunt
1025 2924 1060 2970 se
1083 2906 1243 2970 nocturnis
1265 2906 1353 2971 horis
1375 2925 1448 2971 cum

376 2995 476 3060 Diana
499 3000 529 3060 et
545 2995 724 3060 llerodiade
746 3000 775 3060 et
796 2995 865 3059 aliis
880 2996 1030 3078 personis,
1055 3012 1133 3076 quas
1149 2995 1248 3059 bonas
1264 3013 1312 3059 res
1328 3000 1448 3073 vocant,

373 3085 541 3164 ambulare,
578 3092 609 3149 et
642 3103 736 3168 super
774 3084 923 3165 quasdam
960 3084 1071 3149 bestias
1105 3084 1250 3164 equitare,
1288 3089 1318 3147 et
1352 3084 1449 3147 mulla

374 3177 522 3238 terrarum
552 3176 654 3256 spacia
686 3174 876 3256 pertransire,
908 3178 937 3237 et
959 3172 1048 3237 cerlis
1076 3173 1221 3238 noctibus
1249 3173 1287 3236 ad
1317 3172 1448 3236 dearum

374 3263 526 3326 servicum
557 3264 688 3328 evooari.
703 3311 731 3327 ..
776 3261 890 3326 Audivi
921 3261 1021 3343 quod,
1061 3281 1132 3326 curn
1163 3261 1296 3342 quedam
1332 3262 1448 3341 vetula,

321 3369 362 3417 rao
376 3351 485 3416 volens
507 3352 640 3416 blandiri
667 3370 727 3416 suo
753 3352 912 3428 sacerdoti,
943 3350 1057 3415 diceret
1079 3351 1107 3415 ei
1131 3352 1162 3414 in
1186 3351 1325 3415 ecclesia:
1360 3351 1449 3417 „Do-

376 3441 467 3519 mine,
492 3442 622 3505 multum
639 3441 758 3506 debetis
776 3458 827 3504 me
847 3439 984 3520 diligere,
1000 3440 1073 3521 quia
1089 3440 1213 3505 liberavi
1230 3458 1287 3505 vos
1302 3458 1320 3504 a
1335 3444 1448 3519 morle;

375 3547 446 3595 cum
477 3530 560 3593 enim
592 3550 652 3611 ego
687 3530 829 3595 vaderem
861 3548 932 3593 cum
964 3530 1058 3594 bonis
1090 3530 1191 3607 rebus,
1226 3529 1328 3593 media
1359 3534 1449 3594 nocte

376 3619 556 3684 intravimus
578 3619 710 3686 domum
733 3623 863 3684 vestram
888 3636 959 3682 cum
988 3618 1206 3697 luminaribus;
1237 3636 1305 3697 ego,
1336 3617 1449 3682 videns

376 3707 580 3771 dormientem
605 3714 634 3773 et
657 3709 787 3787 nudum,
819 3708 967 3788 cooperui
991 3725 1048 3772 vos
1075 3708 1226 3786 velociter,
1257 3725 1297 3771 ne
1320 3706 1450 3771 domine

323 3814 363 3862 rm
378 3801 482 3861 nostre
511 3796 650 3861 viderent
679 3797 846 3863 nuditatem
878 3801 1017 3875 vestram,
1049 3796 1192 3877 quamsi
1222 3795 1377 3874 vidissent,
1408 3795 1449 3860 ad

377 3891 508 3950 mortem
532 3885 679 3965 flagellari
703 3904 760 3951 vos
783 3887 953 3951 fecissentu
987 3885 1133 3966 Cumque
1148 3885 1292 3949 sacerdos
1308 3889 1451 3965 quereret

378 3973 540 4057 quomodo
571 3974 754 4038 intraverant
782 3975 913 4040 domum
943 3973 1010 4058 ejus
1033 3978 1062 4037 el
1085 3991 1244 4053 cameram,
1276 3991 1346 4038 cum
1371 3973 1449 4038 ostia

377 4068 478 4127 essent
512 4062 629 4126 fortiter
665 4068 770 4141 serata,
807 4065 849 4127 ait
887 4064 973 4143 quod
1008 4064 1087 4128 bene
1126 4062 1279 4127 intrabant
1315 4062 1448 4127 domum

375 4151 477 4230 januis
499 4150 617 4213 clausis.
652 4152 741 4214 Tunc
763 4170 829 4213 eam
854 4152 1002 4215 invocans
1017 4150 1159 4216 sacerdos
1175 4152 1253 4214 intra
1275 4150 1450 4230 oancellam,

324 4253 364 4299 roo
379 4235 483 4298 clauso
517 4235 606 4309 ostio,
641 4237 812 4297 verberavit
840 4255 907 4297 eam
938 4254 1008 4297 cum
1041 4238 1139 4300 crucis
1173 4239 1293 4317 baculo,
1328 4239 1449 4305 dicens:

783 539 827 550 -
877 510 939 568 194
987 539 1028 548 -

743 687 796 747 aa.
844 683 900 764 1=
923 681 954 746 s,
979 682 1065 761 asa]

1615 2195 1616 2278 l

1615 2311 1616 2363 l

1615 2403 1616 2450 l

1615 2771 1616 2833 l
