3525 5025
828 505 1071 561 -160—

416 673 511 738 alium
534 692 628 754 quern
651 674 781 738 credidit
803 673 985 755 nequiorem
1009 675 1079 740 loco
1102 675 1184 738 illius
1207 677 1371 755 constituit,
1395 677 1480 741 etita

415 763 567 844 joculator
588 763 629 826 de
651 781 727 827 cane
749 763 803 828 illo
826 764 1019 845 nequissimo
1042 782 1076 828 se
1097 765 1272 829 vindicavit.

795 914 843 968 12.
881 905 935 986 [--
960 907 1020 969 Νο.
1046 905 1107 986 82]

508 1029 653 1110 Legimus
675 1029 715 1093 de
742 1030 879 1110 quodam
909 1047 980 1110 rege
1003 1031 1065 1110 qui,
1096 1048 1167 1094 cum
1191 1030 1275 1094 tilios
1298 1049 1399 1094 mares
1422 1049 1483 1094 non
1603 1091 1604 1116 ,

363 1137 404 1183 uo
419 1119 544 1184 haberet
566 1119 738 1183 tristabatur
759 1119 857 1182 valde.
903 1118 963 1182 Cui
987 1123 1076 1182 natus
1106 1123 1152 1183 est
1174 1119 1257 1182 lilius
1280 1118 1437 1184 masculus
1458 1124 1486 1183 et
1603 1125 1604 1174 l

417 1208 541 1288 gavisis
563 1213 608 1270 est
631 1206 747 1287 gaudio
770 1226 885 1288 magno
908 1207 1009 1285 valde;
1034 1208 1177 1272 dixerunt
1189 1213 1291 1271 autem
1309 1209 1374 1288 regi
1400 1209 1485 1289 periti

418 1297 528 1361 medici
551 1297 638 1376 quod
660 1297 744 1360 tilius
766 1297 834 1377 eius
855 1297 922 1360 talis
945 1302 1008 1361 erat
1029 1297 1248 1378 dispositionis,
1273 1297 1299 1361 si
1323 1298 1424 1362 solem
1439 1298 1486 1362 vel

418 1386 522 1466 ignem
546 1385 623 1450 intra
647 1385 752 1448 decem
781 1404 881 1450 annos
904 1386 1026 1463 videret,
1059 1387 1176 1450 lumine
1199 1386 1363 1449 oculorum
1389 1388 1488 1468 priva·
1603 1387 1604 1456 3

418 1480 508 1539 retur.
554 1473 629 1549 Quo
651 1475 765 1552 audito,
797 1492 849 1538 rex
872 1475 904 1537 in
928 1477 1074 1556 spelunca
1096 1475 1196 1538 tilium
1221 1493 1290 1538 cum
1316 1477 1489 1540 nutricibus
1603 1481 1604 1516 r

363 1581 405 1628 un
420 1563 549 1640 inclusit,
573 1563 604 1627 in
628 1583 697 1644 qua,
722 1564 881 1644 usquead
905 1583 933 1627 x.
956 1583 1063 1642 annos,
1088 1565 1214 1628 luminis
1233 1565 1399 1628 claritatem
1425 1584 1489 1629 non
1603 1577 1604 1642 l

418 1652 502 1731 vidit,
525 1657 555 1716 et
576 1657 658 1730 tunc,
681 1671 780 1734 puero
803 1653 842 1716 de
864 1653 1011 1733 spelunca
1026 1653 1146 1735 educto,
1171 1672 1240 1717 cum
1260 1653 1337 1734 (rex)
1355 1656 1489 1718 munda·
1603 1669 1604 1704 ὲ

419 1742 494 1804 lium
518 1742 634 1804 nullam
658 1742 783 1805 haberet
797 1741 950 1820 noticiam,
974 1743 1109 1823 precepit
1123 1762 1175 1805 rex
1192 1744 1219 1806 ei
1235 1743 1357 1807 ostendi
1382 1743 1489 1808 omnia
1603 1755 1604 1824 Τ

417 1849 480 1911 que
501 1835 574 1894 sunt
597 1830 628 1892 in
652 1831 781 1907 mundo,
804 1831 976 1894 securnium
999 1849 1098 1911 genus
1113 1849 1215 1910 suum,
1239 1832 1381 1896 videlicet
1404 1834 1489 1896 viros
1603 1853 1604 1884 1

418 1937 572 1997 seorsum,
603 1919 746 1983 mulieres
776 1937 929 1998 seorsum,
965 1938 1063 2000 equos
1094 1920 1125 1982 in
1160 1921 1221 1984 alio
1252 1921 1335 1998 loco,
1365 1940 1488 1999 aurum,

363 2023 404 2070 suo
418 2013 588 2089 argentum,
612 2008 730 2089 lapides
752 2008 909 2090 preciosos
932 2012 961 2072 et
983 2009 1165 2088 omniaque
1185 2008 1334 2073 delectare
1356 2014 1490 2090 possunt
1603 2011 1604 2074 ζ

417 2098 527 2162 oculos
561 2097 754 2160 intuentium.
808 2097 891 2161 Cum
929 2102 1030 2160 autem
1069 2115 1147 2178 puer
1178 2097 1325 2178 ‘quereret
1359 2100 1491 2163 nomina
1603 2111 1604 2140 i

417 2187 612 2266 singulorum
636 2190 665 2250 et
688 2191 812 2249 ventum
838 2187 935 2250 estad
953 2187 1104 2264 mulieres,
1129 2187 1254 2267 quidam
1280 2187 1361 2267 regis
1379 2205 1489 2251 servus
1603 2197 1604 2246 l

418 2274 578 2355 respondit
592 2274 743 2338 ludendo:
771 2276 846 2338 ulste
860 2280 934 2338 sunt
948 2275 1097 2340 demones
1118 2275 1260 2340 homines
1275 2277 1487 2340 seducentes·
1603 2267 1604 2356 Ῐ

419 2363 486 2428 Cor
507 2382 581 2427 vero
612 2365 699 2445 pueri
724 2364 843 2427 illarum
867 2364 1022 2428 desiderio
1052 2365 1238 2446 plusquam
1263 2366 1370 2428 ceteris
1393 2367 1490 2430 rebus
1603 2411 1604 2434 l

363 2466 404 2513 au
418 2453 589 2517 anhelabat.
636 2453 782 2536 Cumque
811 2471 864 2517 rex
891 2473 910 2518 a
937 2471 1034 2535 puero
1065 2458 1206 2535 quereret
1227 2453 1302 2535 quid
1327 2455 1426 2535 magis
1450 2473 1490 2519 ex
1603 2451 1604 2458 ’

418 2543 565 2607 omnibus
603 2562 664 2623 que
702 2543 818 2607 viderat
851 2548 977 2622 amaret,
1017 2543 1188 2625 respondit:
1230 2544 1350 2623 „Magis
1387 2545 1490 2625 diligo
1603 2562 1604 2625 l

418 2632 567 2696 demones
590 2632 660 2696 illos
683 2632 737 2711 qni
760 2632 912 2696 seducunt
933 2633 1076 2697 homines
1099 2651 1193 2713 quam
1217 2633 1321 2697 omnia
1342 2634 1402 2696 alia
1425 2652 1491 2713 que
1603 2630 1604 2715 l

418 2722 511 2784 vidi.u
561 2722 637 2784 Ecce
660 2722 824 2801 quomodo
847 2722 983 2785 hominis
1007 2726 1114 2785 natura
1136 2722 1168 2784 in
1197 2722 1254 2785 hac
1280 2726 1364 2803 parte
1387 2740 1491 2803 prona
1603 2732 1604 2785 ξ

419 2809 517 2874 estad
534 2810 653 2890 lapsum
670 2815 700 2873 et
722 2810 836 2874 idcirco
859 2812 912 2892 qui
937 2811 1046 2874 volunt
1067 2829 1134 2875 esse
1158 2810 1347 2875 continentes
1363 2829 1491 2875 necesse

364 2912 404 2957 auo
419 2904 464 2962 est
486 2904 520 2962 ut
542 2899 661 2978 fugiant
683 2899 836 2963 mulieres.

784 3048 832 3104 13.
874 3042 927 3122 [=
952 3043 1012 3105 No.
1039 3042 1121 3123 tot]

509 3166 602 3231 Unde
625 3166 757 3246 legimus
786 3166 873 3246 quod
908 3185 980 3229 cum
1010 3167 1139 3247 angelus
1171 3166 1229 3229 Dei
1261 3166 1374 3229 diceret
1400 3166 1490 3229 here-

418 3253 503 3318 mite:
536 3256 671 3323 „Eamus
697 3260 726 3318 el
755 3256 940 3335 sepeliamus
967 3255 1133 3335 quemdam
1163 3253 1360 3336 peregrinum
1391 3273 1489 3336 quern
1603 3312 1604 3315 ,

419 3345 551 3407 latrones
589 3344 621 3407 in
664 3344 725 3408 hoc
762 3362 889 3407 nemore
932 3344 1136 3407 occideruntu
1197 3343 1279 3407 Cum
1318 3344 1490 3425 appropin-

418 3438 548 3514 quarent
569 3434 717 3513 cadaveri,
740 3433 827 3514 quod
849 3434 911 3513 jam
935 3453 990 3514 per
1012 3433 1078 3496 dies
1100 3434 1229 3513 aliquod
1258 3438 1487 3514 superterram

364 3542 406 3589 nos
419 3524 557 3603 jacuerat,
582 3524 728 3586 heremita
750 3523 996 3604 cepit-obturare
1027 3540 1114 3585 nares
1141 3540 1220 3586 suas.
1267 3522 1327 3586 Cui
1357 3522 1489 3602 angelus

418 3614 471 3676 ait:
505 3611 629 3686 „Quare
653 3631 742 3676 nares
764 3618 831 3676 tuas
858 3611 1083 3692 constringish‘
1131 3610 1170 3674 ht
1193 3611 1255 3675 ille:
1282 3612 1374 3676 „Non
1397 3611 1489 3675 valeo

418 3703 546 3765 fetorem
576 3702 753 3766 sustinere.u
808 3702 905 3765 Paulo
940 3705 1010 3781 post
1039 3701 1161 3780 iuvenis
1195 3700 1321 3781 quidem
1357 3699 1489 3779 pulcher

419 3808 549 3871 corpore
564 3795 594 3853 et
611 3795 737 3853 ornatus
760 3791 847 3855 sertis
869 3791 976 3855 lloreis
998 3808 1069 3853 cum
1092 3789 1225 3870 phaleris
1247 3793 1276 3852 et
1298 3788 1371 3853 selle
1393 3807 1489 3853 aurea

419 3879 586 3959 equitando
616 3878 762 3941 transihat
791 3885 828 3958 et,
866 3898 938 3943 cum
973 3879 1075 3943 adhuc
1109 3879 1202 3957 longe
1232 3882 1317 3955 esset,
1355 3878 1488 3957 angelus

365 3986 406 4031 aro
420 3966 613 4031 abhominati
637 3967 717 4047 cepit
731 3972 760 4029 et
774 3968 917 4031 obturare
941 3985 1029 4030 nares
1045 3968 1183 4048 corporis
1198 3985 1291 4047 quern
1307 3965 1347 4028 ad
1362 3970 1488 4047 tempus

419 4058 632 4135 assumpserat.
683 4054 744 4118 Cui
779 4057 925 4120 heremita
959 4056 1048 4119 valde
1082 4056 1237 4120 admirans
1265 4055 1316 4118 ait:
1359 4054 1487 4129 „Quare

420 4162 508 4208 nares
530 4148 597 4206 tuas
620 4142 659 4205 ita
680 4144 806 4221 stringis
829 4149 858 4207 et
875 4163 893 4207 a
909 4144 1039 4224 pulchro
1054 4143 1165 4221 juvene
1182 4144 1235 4206 illo
1251 4143 1357 4206 taciem
1374 4144 1487 4208 evertis

419 4233 472 4309 qui
503 4247 574 4292 cum
605 4246 688 4290 esses
716 4229 800 4304 juxta
831 4231 959 4291 fetidum
991 4230 1119 4292 cadaver
1147 4232 1216 4293 talia
1247 4249 1310 4293 non
1343 4231 1485 4295 fecisti?''
