3525 5025
880 566 1124 620 -l00-

418 756 459 801 ron
472 737 512 800 At
533 754 608 800 vero
631 736 715 799 filius
737 735 808 799 totis
829 735 950 800 viribus
978 740 1093 817 patrem
1117 739 1245 799 conatur
1267 736 1435 812 extrahere;
1465 754 1525 797 curn

473 826 611 889 laborem
641 842 733 889 suum
764 824 901 889 frustrari
932 824 1060 903 videret,
1091 825 1170 906 cepit
1198 825 1315 887 anxiari
1346 830 1376 887 et
1406 826 1527 900 hesitare,

472 915 548 995 quid
572 914 612 977 de
635 913 762 978 duobus
783 919 895 993 ageret
931 914 1014 977 ilinc
1035 914 1147 977 etenim
1173 914 1317 977 horrebat
1332 932 1404 977 suas
1417 916 1448 976 irr
1464 930 1527 975 nece

472 1003 565 1085 patris
587 1007 745 1067 cruentare
760 1020 879 1081 marrus,
903 1002 976 1066 hinc
990 1020 1065 1066 vero
1081 1003 1234 1066 metuebat
1253 1022 1309 1084 per
1324 1003 1430 1067 faciem
1447 1002 1528 1085 patris

473 1092 672 1173 deprehendi.
708 1092 793 1155 Dum
817 1109 892 1171 ergo
912 1110 983 1154 eurn
1006 1110 1024 1154 a
1048 1110 1122 1156 nece
1145 1091 1309 1155 retraheret
1330 1110 1425 1169 amor,
1447 1093 1529 1154 timor

419 1200 460 1246 ros
474 1187 503 1246 et
526 1181 688 1245 necessitas
710 1184 841 1261 urgeret
864 1180 1004 1245 nesciens
1027 1180 1103 1261 quid
1119 1181 1223 1243 utilius
1238 1180 1277 1243 ad
1293 1186 1415 1262 tempus
1430 1184 1528 1261 ageret,

473 1274 564 1350 caput
586 1270 679 1351 patris
701 1270 799 1334 cultro
821 1270 977 1333 abscisum
999 1269 1125 1349 fugiens
1147 1270 1319 1353 asportavit

563 1360 596 1421 ln
611 1358 776 1422 crastinum
793 1364 894 1422 autem
911 1377 964 1421 rex
978 1376 1105 1423 summo
1121 1376 1211 1421 mane
1229 1358 1269 1421 de
1285 1358 1395 1423 lectulo
1410 1374 1529 1438 surgens

473 1448 594 1512 intravit
622 1448 730 1511 turrim
760 1448 956 1527 cucurritque
978 1447 1016 1509 ad
1041 1466 1173 1528 cuppam
1207 1448 1385 1528 invenitque
1416 1464 1528 1510 murum

474 1536 660 1618 perforatum
689 1540 838 1600 ettotam
868 1536 951 1599 illam
984 1536 1143 1600 bituminis
1173 1537 1369 1617 superficiem
1399 1538 1527 1600 infectam

420 1626 633 1706 insanguine,
663 1626 764 1689 furem
786 1644 915 1705 quoque
937 1626 1044 1689 adesse
1067 1643 1168 1704 suum,
1198 1624 1253 1689 sed
1284 1630 1421 1689 truncato
1446 1626 1529 1705 capite

473 1714 685 1795 deprehendit.
721 1715 879 1778 festinans
902 1732 977 1793 ergo
997 1713 1036 1777 ad
1059 1732 1151 1777 suum
1175 1714 1301 1777 recurrit
1324 1715 1529 1787 consiliarium,

474 1804 561 1866 illum
592 1804 733 1867 videlicet
762 1821 876 1880 senem,
907 1803 1094 1867 annuntians
1124 1808 1244 1885 captum
1277 1804 1404 1884 quidem
1431 1805 1528 1878 furem,

473 1892 528 1956 sed
552 1892 648 1973 capite
671 1892 852 1955 mutilatum.
888 1892 985 1967 Quod
1008 1912 1078 1955 cum
1095 1892 1229 1956 audisset
1244 1911 1346 1972 senex,
1370 1909 1530 1974 parumque

474 1981 651 2046 subridens:
682 1982 789 2060 Miror,
819 1981 868 2059 ait
893 1981 985 2045 huius
1009 1982 1135 2045 latronis
1157 1982 1305 2045 astutiam.
1353 1983 1435 2057 Quia
1457 1982 1528 2045 enim
1575 2018 1576 2023 κ

421 2088 461 2135 115
476 2071 591 2135 nobilis
613 2076 676 2133 erat
697 2088 755 2134 nec
776 2070 875 2134 voluit
897 2088 931 2133 se
953 2071 1001 2133 vel
1025 2088 1124 2150 genus
1146 2088 1238 2134 suum
1263 2071 1399 2151 perdere,
1427 2071 1530 2134 idcirco

474 2177 491 2222 a
514 2159 600 2224 socio
627 2160 687 2223 sibi
719 2164 809 2240 caput
834 2159 986 2241 amputari
1016 2160 1094 2224 fecit
1142 2159 1235 2225 Unde
1266 2160 1393 2223 difficile
1421 2161 1530 2223 videtur

475 2249 577 2327 michi,
607 2254 636 2311 te
667 2266 759 2329 posse
781 2252 833 2311 aut
859 2248 1036 2312 thesaurum
1066 2266 1244 2329 recuperare
1275 2253 1327 2312 aut
1357 2266 1530 2329 cognoscere

474 2338 583 2401 furem.
636 2339 724 2400 Tunc
758 2356 810 2400 rex
844 2338 1041 2400 vehementer
1074 2339 1203 2417 urgebat
1236 2356 1356 2417 serrem,
1392 2344 1424 2401 ut
1457 2338 1530 2401 daret

474 2427 647 2505 consilium,
678 2427 806 2489 minime
836 2426 876 2489 de
906 2427 1050 2490 thesauro
1074 2427 1194 2507 perdito
1216 2428 1302 2490 aiens
1324 2446 1357 2491 se
1381 2446 1489 2505 curare,
1509 2424 1529 2487 si

422 2535 462 2581 rao
476 2517 692 2581 tantummodo
723 2517 837 2593 furem,
872 2516 943 2595 quis
976 2517 1067 2579 fuerit
1099 2517 1283 2597 agnovisset.
1343 2517 1404 2581 Cui
1437 2534 1531 2582 senex:

477 2607 535 2668 Fac
559 2606 654 2681 illum,
678 2605 786 2685 inquit,
808 2607 992 2669 abstractum
1009 2604 1048 2668 de
1064 2625 1164 2686 cuppa
1178 2606 1275 2669 caude
1291 2607 1363 2687 equi
1387 2604 1530 2671 fortissimi
1575 2615 1576 2644 t

475 2695 590 2774 alligari
618 2695 759 2774 trahique
790 2713 847 2776 per
877 2694 990 2774 plateas
1017 2700 1046 2758 et
1072 2695 1158 2758 vicos
1187 2695 1341 2758 civitatum
1373 2697 1459 2778 regni
1486 2694 1531 2757 tui.
1575 2725 1576 2780 l

476 2785 575 2848 Porro
599 2783 709 2847 milites
731 2784 837 2846 armati
860 2784 1090 2864 subsequantur
1104 2785 1257 2864 capientes
1271 2785 1296 2848 si
1317 2803 1398 2865 quos
1413 2784 1533 2849 viderint
1575 2799 1576 2806 ¹

474 2874 558 2937 viros
581 2873 629 2936 vel
652 2872 797 2936 mulieres
819 2873 859 2936 ad
882 2877 1038 2953 aspectum
1063 2873 1217 2937 cadaveris
1241 2874 1399 2953 lacrimari,
1427 2875 1532 2952 tibique
1575 2857 1576 2894 '

422 2981 462 3028 ras
477 2981 531 3027 eos
554 2965 769 3043 presentantes
816 2962 900 3025 Etsi
923 2962 1015 3025 fuerit
1038 2963 1080 3026 ibi
1103 2963 1207 3026 socius
1228 2967 1280 3025 aut
1303 2981 1383 3026 uxor
1405 2969 1457 3027 aut
1477 2960 1531 3036 filii,
1575 2987 1576 3046 3

476 3068 672 3132 nequaquam
707 3056 851 3130 poterunt
883 3069 901 3112 a
936 3051 1068 3115 lacrimis
1101 3056 1279 3132 temperare.
1333 3053 1456 3116 Bonum
1489 3067 1533 3113 rex

476 3147 558 3204 ratus
573 3141 656 3204 senis
671 3140 843 3218 consilium,
864 3140 950 3203 iubet
963 3140 1104 3204 festinato
1119 3144 1261 3204 truncum
1278 3159 1361 3221 equo
1377 3141 1532 3205 fortissimo

476 3230 608 3311 pedibus
638 3224 778 3309 allrsrb]
787 3229 913 3309 ligatum
945 3248 1015 3292 cum
1048 3229 1172 3294 armatis
1202 3229 1352 3293 militibus
1381 3231 1459 3294 trahi
1487 3244 1533 3310 per

477 3319 648 3400 proximam
680 3318 838 3382 civitatem.
886 3318 950 3392 Qui
981 3318 1056 3381 dum
1088 3318 1181 3382 miser
1210 3319 1388 3397 traheretur,
1420 3316 1533 3396 contigit

423 3426 463 3472 rao
479 3426 549 3470 eurn
580 3412 649 3470 ante
680 3407 763 3470 fores
793 3406 909 3471 domus
938 3425 993 3470 sue
1023 3407 1177 3470 devenire.
1229 3408 1333 3471 Stabat
1362 3415 1463 3472 autem
1491 3406 1533 3469 ille

477 3496 562 3560 filius
585 3496 651 3560 eius
674 3496 781 3574 maior,
812 3497 866 3576 qui
891 3501 920 3560 et
942 3497 969 3559 ei
997 3497 1094 3559 luerat
1116 3497 1226 3574 socius,
1257 3501 1327 3560 ante
1350 3497 1433 3578 ipsas
1455 3498 1533 3560 fores.

478 3586 541 3660 Qui
565 3603 635 3648 cum
659 3585 775 3648 videret
797 3590 913 3665 patrem
929 3585 973 3648 sic
993 3585 1203 3649 miserabiliter
1217 3585 1303 3663 trahi,
1327 3585 1403 3650 flere
1418 3587 1532 3667 quidem

478 3693 542 3738 non
565 3675 691 3752 audens,
719 3672 774 3737 sed
799 3692 862 3738 non
887 3675 995 3738 volens
1018 3675 1157 3739 lacrimas
1181 3674 1354 3755 prohibere,
1386 3674 1533 3739 occasione

478 3769 596 3844 recepta
618 3763 801 3844 cu[l]tellum
818 3763 1000 3843 lignumque
1016 3763 1124 3844 accipit
1139 3763 1226 3843 quasi
1250 3763 1367 3844 aliquid
1385 3764 1531 3835 incisurus,

424 3870 464 3918 ras
479 3853 663 3933 sinistreque
695 3869 805 3915 manus
840 3852 982 3931 pollicem
1018 3871 1055 3915 ex
1090 3852 1239 3915 industria
1273 3853 1332 3915 sibi
1369 3851 1532 3934 amputavit.

479 3944 567 4006 lunc
589 3960 663 4005 vero
686 3940 746 4003 sub
769 3940 930 4003 occasione
958 3940 1078 4020 pollicis
1100 3959 1208 4004 vocem
1232 3941 1338 4004 emittit
1366 3942 1531 4012 luctuosam,

478 4035 644 4112 erumpunt
660 4029 791 4105 lacrime,
814 4029 943 4091 accurrit
958 4033 1061 4104 mater,
1077 4030 1184 4093 fratres
1199 4034 1229 4093 et
1243 4048 1366 4094 sorores
1382 4029 1534 4095 dilacerant

479 4120 622 4180 manibus
651 4121 750 4177 vestes
780 4131 896 4188 oraque
919 4119 948 4173 et
975 4115 1109 4191 capillos,
1141 4117 1171 4177 in
1204 4135 1335 4198 persona
1366 4120 1423 4182 filii
1454 4115 1532 4201 patris

479 4202 631 4264 miseriam
671 4201 878 4258 lamentantes.
935 4197 1100 4259 Affuerunt
1137 4202 1219 4265 illico
1252 4205 1375 4282 milites,
1408 4209 1461 4288 qui
1489 4219 1532 4268 eos

425 4305 465 4349 aro
481 4289 623 4365 caperent
656 4283 863 4348 ducerentque
898 4277 936 4335 ad
972 4296 1085 4351 regem.
1143 4287 1183 4346 At
1214 4307 1288 4351 vero
1323 4310 1376 4354 rex
1413 4295 1533 4358 maximo
