3525 5025
800 525 1046 584 -196-

389 697 421 760 hi
446 696 499 778 qui
524 697 603 760 male
630 696 773 760 vivebant
803 696 834 759 in
863 697 996 779 presenti
1027 697 1107 761 bene
1133 699 1288 763 habebant
1314 719 1397 781 sepe,
1435 709 1468 765 et

389 791 512 851 econtra
542 785 718 866 frequenter
752 786 832 850 bene
861 786 999 850 viventes
1029 788 1139 851 multas
1166 787 1321 852 habebant
1349 789 1465 853 adver-

388 875 497 952 sitates,
521 878 551 937 et
571 873 740 955 aliquando
764 874 807 939 illi
831 876 886 955 qui
911 876 1025 938 bonam
1049 877 1141 940 vitam
1162 877 1314 941 duxerant
1336 879 1368 941 in
1392 880 1462 943 fine

389 963 572 1028 videbantur
605 963 719 1027 habere
753 964 848 1028 finem
879 963 1040 1044 abjectum,
1076 970 1105 1028 et
1139 965 1209 1028 mali
1241 966 1392 1047 pulcrum,
1431 975 1463 1032 et

335 1053 466 1118 rabboni
489 1052 688 1116 admittebant
715 1053 891 1133 frequenter
917 1054 1104 1134 temporalia,
1135 1055 1224 1117 malis
1252 1057 1331 1119 bene
1354 1074 1461 1121 succe·

390 1142 481 1207 debat
512 1142 543 1204 in
575 1142 651 1218 istis;
686 1160 757 1205 cum
787 1142 848 1206 boc
877 1143 910 1205 in
945 1143 1090 1207 oracione
1117 1143 1297 1220 revolveret,
1337 1147 1462 1225 rogavit

391 1231 563 1296 Dominum
587 1235 621 1293 ut
642 1231 671 1294 ei
695 1231 869 1294 ostenderet
892 1249 947 1294 cur
962 1232 1022 1295 hoc
1036 1232 1155 1296 taceret
1195 1232 1304 1295 Adfuit
1318 1234 1460 1313 angelus,

388 1319 494 1384 dicens
516 1320 543 1384 ei
567 1319 654 1400 quod
677 1319 790 1383 missus
813 1324 876 1382 erat
899 1324 932 1382 ut
954 1320 982 1383 ei
1006 1320 1263 1401 ostenderetque
1285 1323 1418 1403 pecierat
1440 1343 1460 1387 a

390 1409 538 1486 Domino,
569 1413 599 1472 et
620 1409 706 1488 quod
734 1413 915 1488 sequeretur
940 1426 973 1473 se
1001 1409 1032 1470 in
1060 1409 1161 1473 torma
1189 1409 1335 1474 heremite
1363 1430 1461 1494 appa-

333 1515 375 1562 aon
390 1502 515 1561 rentem.
554 1497 651 1572 Quod
674 1516 745 1561 cum
769 1497 886 1577 laceret,
909 1502 1060 1561 venerunt
1083 1498 1123 1561 ad
1143 1499 1273 1562 domum
1294 1501 1459 1580 cujusdam

388 1587 542 1665 heremite,
577 1586 666 1666 cujus
695 1585 809 1650 domus
838 1604 932 1667 supra
961 1605 1069 1650 saxum
1101 1588 1281 1652 altissimum
1310 1595 1373 1652 erat
1399 1589 1460 1654 sita

387 1692 481 1757 supra
511 1694 602 1752 mare,
637 1676 691 1756 qui
725 1675 891 1756 predicanti
926 1677 1037 1756 angelo
1068 1677 1107 1740 de
1138 1677 1395 1764 temptationibus
1429 1684 1461 1742 et

387 1769 493 1828 contra
515 1764 829 1846 imperseveranciam,
852 1765 1012 1829 confessus
1036 1770 1080 1828 est
1103 1784 1172 1829 cum
1197 1766 1301 1830 multis
1324 1767 1461 1832 lacrimis

388 1853 483 1934 quod,
514 1872 586 1918 cum
615 1854 720 1918 luisset
747 1853 788 1919 ibi
812 1854 844 1916 in
872 1872 985 1934 magna
1011 1854 1177 1919 afflictione
1207 1856 1378 1936 penitencie
1401 1876 1460 1938 per

333 1960 375 2008 ano
389 1943 591 2024 quadraginta
613 1962 721 2023 annos,
743 1942 783 2006 ad
807 1943 949 2006 ultimum
967 1943 1006 2006 ita
1021 1948 1084 2006 erat
1098 1944 1195 2007 victus
1218 1963 1236 2007 a
1259 1945 1458 2024 cogitacioni-

388 2032 448 2096 bus
470 2033 542 2111 suis,
566 2033 653 2112 quod
676 2032 799 2097 volebat
821 2031 926 2095 omnia
949 2031 1100 2096 dimittere
1117 2033 1199 2097 bona
1215 2036 1243 2096 et
1260 2033 1299 2095 ad
1316 2034 1456 2098 seculum

389 2122 500 2199 redire,
531 2140 625 2203 quern
647 2140 718 2184 cum
742 2121 859 2185 videret
881 2140 953 2185 vere
980 2120 1165 2202 penitentem
1188 2123 1326 2202 angelus,
1357 2123 1457 2205 preci-

389 2210 493 2291 pitavit
519 2229 590 2274 eum
618 2211 722 2274 subito
754 2211 785 2272 in
810 2211 894 2286 mari,
928 2215 957 2273 et
980 2213 1121 2273 mortuus
1144 2214 1197 2274 est.
1245 2211 1326 2274 Cum
1349 2216 1456 2275 autem

387 2299 426 2362 ad
450 2300 511 2363 hoc
532 2300 643 2363 tactum
668 2303 829 2362 terreretur
852 2299 1005 2377 heremita,
1036 2300 1139 2363 socius
1162 2316 1245 2378 suus,
1276 2305 1305 2363 et
1327 2301 1457 2382 fugeret,

333 2407 375 2453 ero
389 2389 508 2452 vocavit
530 2406 601 2451 eurn
625 2388 743 2451 dicens:
770 2387 862 2453 „Noli
887 2388 1005 2464 timere,
1030 2388 1162 2452 ostendit
1177 2388 1231 2454 tibi
1249 2389 1335 2453 Deus
1355 2408 1456 2453 unum

389 2477 428 2541 de
450 2476 573 2558 iudiciis
594 2476 688 2542 sulse

476 2566 711 2648 Consequenter
733 2570 884 2630 venerunt
912 2566 952 2629 ad
984 2566 1113 2630 domum
1145 2567 1268 2631 alterius
1298 2568 1455 2647 heremite,

387 2656 450 2737 qui,
473 2674 543 2720 cum
568 2657 730 2737 recepisset
752 2674 806 2719 eos
828 2674 900 2720 cum
925 2673 1038 2735 magno
1061 2656 1186 2735 gaudio,
1211 2657 1385 2738 propinavit
1407 2658 1455 2721 eis

387 2749 494 2826 potum
518 2763 589 2808 curn
613 2744 706 2826 cipho
733 2750 878 2825 argenteo
910 2764 1003 2825 quern
1032 2744 1171 2823 habebat,
1209 2764 1301 2825 quem
1337 2748 1457 2810 occulte

332 2851 373 2898 ars
388 2834 540 2915 accipiens
562 2834 698 2914 angelus,
722 2834 754 2896 in
777 2835 847 2898 sinu
870 2852 930 2898 suo
953 2834 1116 2913 occultans,
1143 2852 1248 2897 secum
1273 2834 1454 2915 deportavit.

388 2924 552 2988 Venientes
585 2926 686 2986 autem
721 2924 753 2985 in
789 2926 878 2987 nocte
914 2923 944 2986 in
980 2922 1076 2987 domo
1111 2922 1271 3003 cujusdam
1306 2922 1456 3005 predonis

388 3012 500 3091 militis,
530 3012 582 3075 vix
613 3015 685 3075 sunt
716 3012 747 3074 in
777 3030 814 3075 ea
843 3013 963 3093 recepti,
998 3016 1028 3075 et
1060 3011 1147 3075 valde
1178 3012 1257 3075 male
1284 3014 1396 3076 tractati
1425 3018 1457 3077 et

387 3101 534 3165 conviciis
567 3101 676 3165 affecti.
729 3102 845 3165 Tamen
876 3101 979 3181 aliqua
1013 3118 1109 3181 pauca
1142 3104 1216 3164 sunt
1244 3101 1288 3165 eis
1317 3102 1394 3179 data,
1425 3107 1457 3166 et

387 3191 454 3253 lecti
478 3190 580 3271 parati,
612 3190 681 3253 licet
702 3189 808 3253 viliter.
856 3191 889 3252 ln
914 3208 1003 3253 mane
1027 3190 1126 3253 noluit
1154 3190 1283 3270 angelus
1313 3192 1456 3255 recedere

332 3297 373 3344 sao
389 3279 448 3342 nisi
472 3280 557 3360 prius
582 3280 759 3359 loqueretur
780 3297 850 3342 cum
876 3279 1005 3360 hospite,
1029 3283 1059 3342 et
1080 3279 1241 3343 extrahens
1264 3279 1391 3360 ciphum
1415 3279 1455 3344 de

386 3368 466 3444 sinu,
490 3367 576 3431 dedit
597 3369 639 3447 εἰς
667 3367 753 3449 quod
777 3367 887 3431 videns
915 3367 1062 3431 heremita
1085 3368 1211 3431 miratus
1235 3372 1287 3447 est,
1319 3374 1349 3432 et
1371 3387 1456 3433 mur-

387 3474 514 3520 murans
544 3457 575 3520 in
606 3457 700 3522 corde
729 3475 788 3521 suo
819 3456 859 3520 de
883 3458 954 3520 *hoc
986 3456 1072 3537 quod
1105 3456 1229 3521 viderat.
1275 3457 1343 3522 Alia
1366 3462 1456 3523 nocte

387 3550 537 3609 venerunt
565 3546 605 3609 ad
635 3546 766 3611 domum
797 3545 921 3610 alterius
951 3546 1062 3624 militis,
1092 3546 1147 3626 qui
1174 3547 1246 3611 satis
1268 3546 1320 3610 vix
1342 3547 1457 3630 recepit

388 3654 450 3715 eos,
473 3640 574 3700 tamen
596 3636 790 3700 mediocriter
811 3635 946 3699 tractavit
968 3653 1031 3699 eos.
1078 3636 1111 3697 ln
1136 3652 1225 3699 mane
1248 3654 1318 3699 cum
1342 3636 1457 3700 vellent

332 3742 374 3790 seo
390 3724 538 3803 recedere,
563 3730 688 3805 rogatus
709 3725 749 3789 ab
763 3725 883 3805 angelo,
908 3723 984 3788 dixit
999 3723 1120 3787 cuidam
1137 3724 1277 3789 filiosuo
1293 3725 1456 3805 unigenito

387 3814 474 3895 quod
497 3832 552 3879 eos
575 3815 762 3878 conduceret
784 3818 813 3877 et
834 3814 916 3877 viam
941 3817 1130 3877 monstraret.
1161 3813 1257 3888 Quod
1282 3832 1353 3877 cum
1378 3833 1457 3896 puer

387 3904 504 3983 faceret,
527 3902 631 3967 subito
647 3920 718 3965 eum
734 3903 863 3982 angelus
878 3903 1006 3984 arripuit
1021 3907 1051 3967 et
1065 3902 1183 3981 occidit,
1207 3905 1236 3966 et
1257 3902 1288 3965 in
1304 3903 1455 3968 fossatum

387 3991 521 4072 projecit.
560 3989 657 4065 Quod
680 4007 751 4053 cunr
767 3990 892 4055 vidisset
908 3992 1062 4071 heremita,
1085 3992 1222 4072 fugiebat
1244 4010 1324 4070 eum,
1348 3992 1456 4057 dicens

388 4099 459 4144 etun
477 4097 541 4145 non
557 4096 624 4142 esse
639 4079 793 4157 angelum,
805 4079 860 4143 sed
876 4080 1056 4161 dyabolum.
1090 4082 1214 4160 „liccem
1228 4079 1303 4144 dicit
1316 4081 1454 4161 angelus,

332 4185 374 4231 sao
389 4173 511 4231 ostensa
533 4170 606 4229 sunt
627 4167 682 4229 tibi
705 4166 823 4228 occulta
848 4168 907 4229 Dei
934 4168 1049 4245 judicia
1071 4186 1207 4247 quorum
1230 4185 1352 4232 causam
1376 4170 1455 4235 scire

386 4254 525 4315 volebas:
544 4253 672 4313 salutem
689 4250 771 4310 illius
786 4252 900 4328 prioris
916 4252 1070 4329 heremite,
1086 4272 1180 4332 quem
1197 4256 1453 4337 precipitavimus,
