3525 5025
670 507 912 564 -173-

257 697 343 742 orare
372 679 493 742 solebat
523 679 681 741 mulierem
713 681 890 758 posuerunt.
936 677 1018 741 Cum
1048 682 1149 740 autem
1182 678 1324 742 monachi

258 768 439 848 reperissent
462 768 577 831 domus
606 785 662 830 sue
691 768 869 830 thesaurum
893 771 922 830 et
952 767 1137 830 monachum
1166 767 1219 846 qui
1248 767 1326 831 sicut

257 861 457 920 consueverat
481 856 654 920 Dominum
670 857 822 932 exorabat,
845 860 875 918 et
895 856 1020 919 maritus
1036 874 1164 919 uxorem
1181 857 1326 937 reperiret

211 963 246 1008 os
258 951 287 1008 et
307 946 497 1022 thesaurum,
520 950 611 1025 atque
632 945 791 1026 pecuniam
808 945 887 1008 sicut
902 945 988 1026 prius
1010 945 1108 1008 iuerat
1130 945 1325 1024 invenissent,

257 1040 403 1116 ceperunt
425 1036 643 1116 obstupescere
665 1039 695 1097 et
716 1034 879 1109 ammirari,
903 1037 932 1097 et
947 1038 1101 1097 currentes
1119 1033 1158 1096 ad
1174 1052 1324 1097 carcerem

255 1125 400 1186 viderunt
422 1124 611 1187 monachum
634 1128 664 1186 et
686 1123 845 1186 mulierem
863 1123 894 1185 in
911 1123 1123 1204 compedibus,
1146 1123 1224 1186 sicut
1239 1123 1326 1204 prius

256 1231 309 1276 eos
330 1203 524 1290 dimis'erant;
547 1213 592 1276 sic
606 1213 688 1276 enim
704 1212 866 1275 videbatur
880 1213 924 1275 eis
940 1212 1026 1292 quod
1050 1229 1131 1275 unus
1155 1212 1324 1275 demonum

256 1303 526 1382 transfiguraverat
547 1319 580 1364 se
603 1301 634 1364 in
657 1302 790 1382 speciem
808 1301 960 1378 monachi,
984 1305 1013 1364 et
1035 1301 1115 1364 alius
1137 1302 1168 1362 in
1192 1301 1324 1381 speciem

211 1391 405 1455 mmulieris.
452 1390 535 1453 Cum
564 1395 665 1454 autem
701 1394 763 1454 tota
796 1390 901 1453 civitas
934 1390 972 1452 ad
1008 1388 1141 1452 videnda
1176 1390 1326 1453 mirabilia

257 1481 459 1556 convenisset,
475 1480 633 1558 demones,
649 1479 797 1543 omnibus
810 1479 1016 1557 audientibus,
1032 1478 1186 1541 dixerunt:
1215 1479 1325 1548 „Rece-

256 1570 375 1646 damus,
406 1570 479 1632 satis
507 1569 588 1631 enini
617 1569 682 1632 istis
705 1568 858 1631 illusimus
880 1571 910 1631 et
933 1568 971 1630 de
1001 1567 1153 1648 religiosis
1185 1569 1327 1649 personis

256 1659 337 1721 mala
358 1659 494 1738 cogitare
516 1658 673 1720 fecimus!¹
719 1658 756 1719 Et
778 1658 839 1720 hoc
861 1657 951 1734 dicto,
974 1657 1078 1720 subito
1102 1657 1326 1737 disparuerunt

257 1746 378 1810 Omnes
401 1755 503 1809 autem
519 1747 557 1809 ad
582 1746 677 1827 pedes
693 1747 835 1810 monachi
852 1750 881 1808 et
897 1746 1033 1809 mulieris
1057 1745 1189 1809 inclinati
1204 1747 1324 1809 veniam

212 1836 501 1916 mpostulaverunt.
536 1837 612 1899 Ecce
630 1839 778 1916 quantum
803 1835 959 1897 infamiam
984 1840 1013 1898 et
1035 1834 1212 1898 scandalum
1236 1840 1327 1915 atque

258 1924 463 1988 inestimabile
486 1925 656 2005 dampnum
687 1925 840 2004 dyabolus
866 1928 971 1987 contra
1000 1924 1157 2003 religiosas
1180 1942 1327 2005 personas

256 2019 459 2094 procurasset,
483 2014 541 2076 nisi
567 2014 656 2076 Beata
679 2013 775 2093 Virgo
798 2013 1005 2077 succurrisset.

623 2161 673 2218 36.
715 2155 768 2235 [=
793 2155 852 2218 Νο.
877 2154 962 2234 289.]

346 2281 445 2344 Valde
468 2281 594 2361 quidem
623 2281 749 2344 difficile
776 2285 821 2344 est
850 2284 924 2343 uta
947 2281 1035 2345 malis
1063 2281 1240 2362 parentibus
1263 2298 1326 2344 non

163 2444 164 2463 ,
256 2375 496 2450 corrumpantur
531 2370 623 2450 [iiliil.
675 2370 769 2434 Unde
807 2370 918 2450 legitur
955 2370 994 2432 de
1029 2369 1164 2450 quodam
1201 2369 1328 2449 homine

162 2482 166 2534 T·
212 2476 245 2522 no
259 2460 355 2537 bono,
387 2459 443 2540 qui
465 2459 595 2541 simplex
619 2463 682 2523 erat
710 2459 799 2523 valde
822 2462 851 2523 et
879 2459 991 2523 timens
1015 2459 1127 2537 Deum,
1158 2463 1186 2523 et
1216 2459 1328 2523 cotidie

163 2549 167 2618 ἶ
257 2550 404 2613 laborans
427 2550 459 2611 in
487 2567 563 2629 agro
593 2548 632 2612 de
660 2548 765 2612 labore
796 2566 944 2612 manuum
976 2548 1170 2612 mediocriter
1199 2550 1327 2613 vivebat.

162 2643 166 2726 ξ
259 2640 351 2703 Uxor
370 2643 473 2701 autem
497 2638 528 2700 in
553 2638 650 2701 domo
673 2655 835 2701 remanens
861 2642 924 2700 tota
953 2637 1004 2700 die
1035 2656 1104 2700 cunr
1130 2638 1328 2702 leccatoribus

163 2762 167 2772 ·
258 2727 464 2790 manducabat
486 2731 515 2791 et
537 2727 669 2805 bibebat,
693 2731 729 2804 et,
747 2743 949 2807 ‘quecumque
973 2727 1099 2790 maritus
1122 2728 1188 2806 ejus
1211 2731 1329 2808 poterat

163 2809 168 2884 .
257 2816 424 2895 acquirere,
449 2816 605 2880 luxuriose
628 2816 735 2879 vivens
750 2816 959 2880 consumebat
990 2816 1108 2879 Accidit
1122 2820 1223 2879 autem
1240 2816 1326 2896 quod

163 2905 169 2982 i
214 2922 247 2968 ns
259 2909 402 2968 mortuus
432 2910 478 2968 est
507 2909 643 2984 uterque,
677 2909 708 2967 et
738 2905 928 2984 reliquerunt
955 2905 1076 2968 unicam
1107 2905 1202 2967 filiam
1234 2922 1327 2984 quarn

164 2985 168 3078 J
259 2994 423 3057 habebant.
456 2994 528 3069 Que
550 2993 785 3075 cepit‘cogitare
807 2998 910 3056 utrum
934 2995 1026 3056 vitam
1051 2994 1144 3074 patris
1157 2997 1210 3056 aut
1225 2994 1329 3057 matris

164 3089 169 3146 ’.
257 3102 315 3147 sue
349 3083 474 3146 deberet
507 3083 626 3145 imitari.
685 3083 847 3163 Dyabolus
880 3087 981 3146 autem
1016 3087 1086 3145 ante
1120 3082 1228 3147 oculos
1262 3083 1329 3161 eius

165 3163 172 3202 ‘'
259 3173 395 3253 ponebat
418 3172 504 3253 quod
528 3173 589 3235 vita
612 3171 705 3252 patris
727 3172 795 3251 eius
817 3171 895 3234 dura
918 3171 1010 3234 nimis
1033 3176 1062 3234 et
1083 3189 1190 3253 aspera
1213 3171 1328 3251 fuisset,

260 3266 289 3325 et
310 3261 399 3341 quod
423 3262 454 3323 in
486 3261 595 3324 dolore
622 3266 652 3323 et
680 3261 801 3323 miseria
824 3278 947 3341 semper
969 3261 1103 3338 vixisset;
1137 3265 1233 3325 mater
1254 3279 1329 3326 vero

215 3350 358 3431 tuipsius
382 3351 413 3412 in
438 3350 559 3428 magnis
588 3349 705 3413 deliciis
732 3355 761 3413 et
789 3349 906 3430 gaudio
937 3353 966 3413 et
995 3350 1027 3411 in
1051 3368 1162 3429 magna
1191 3350 1330 3414 felicitate

260 3440 382 3502 vixerat
430 3440 466 3501 Et
486 3440 548 3518 jam
573 3457 651 3518 pene
681 3439 784 3502 adbuc
812 3439 934 3502 animus
965 3439 1031 3518 ejus
1059 3439 1261 3503 inducebatur
1288 3444 1329 3517 ut,

260 3532 433 3608 contempta
456 3528 549 3608 patris
565 3529 804 3605 conversatione,
829 3532 956 3590 matrem
973 3528 1147 3591 imitaretur.
1185 3529 1329 3592 Proxima

260 3635 334 3681 vero
357 3622 447 3681 nocte
468 3617 598 3696 angelus
615 3617 743 3679 Domini
759 3618 900 3697 apparuit
922 3616 950 3679 ei
974 3617 1005 3678 in
1029 3618 1178 3699 sompnis,
1202 3622 1231 3681 et
1246 3618 1329 3680 vide-

261 3706 350 3768 batur
371 3706 399 3769 ei
424 3705 511 3785 quod
541 3705 666 3769 duceret
687 3724 754 3769 eam
777 3706 816 3768 ad
841 3705 975 3785 quedam
1004 3706 1095 3770 fetida
1119 3711 1148 3769 et
1170 3706 1329 3770 horribilia

216 3810 251 3856 ru
263 3796 329 3858 lom
349 3799 584 3873 tormentorum,
607 3795 661 3858 ubi
678 3795 756 3856 inter
770 3795 847 3857 alios
862 3794 1045 3875 dampnatos
1064 3796 1187 3859 videbat
1202 3799 1327 3858 matrem

261 3902 347 3947 suam
372 3884 570 3964 nigerrimam
594 3883 666 3963 igne
689 3883 881 3946 intollerabili
907 3883 979 3963 igne
1002 3902 1188 3963 succensam,
1217 3888 1245 3946 et
1267 3900 1328 3945 ser-

262 3978 367 4053 pentes
389 3973 496 4037 omnia
518 3973 585 4052 ejus
612 3974 750 4036 membra
781 3990 886 4035 morsu
910 3974 1102 4037 amarissimo
1126 3972 1330 4036 corrodebant

263 4067 291 4125 et
323 4062 486 4126 laniabant.
547 4063 635 4124 Tunc
672 4061 724 4124 illa
761 4062 841 4141 cepit
875 4062 962 4142 quasi
1002 4061 1152 4125 ululando
1187 4063 1328 4125 clamare:

267 4151 368 4230 ‚Veni
398 4150 471 4229 filia,
502 4151 576 4231 quia
598 4154 724 4231 propter
745 4151 821 4214 viles
843 4155 872 4213 et
899 4150 1086 4213 transitorias
1117 4150 1240 4214 delicias
1263 4150 1329 4213 sine

219 4240 325 4303 ronne
346 4240 517 4317 cruciabor,
541 4245 570 4302 et
592 4256 752 4319 nunquam
775 4239 897 4301 veniam
921 4238 1078 4302 obtinebo.
1122 4238 1207 4302 Cave
1229 4239 1328 4319 igitur,
