3525 5025
674 502 896 564 -55-

268 697 349 757 quam
371 696 443 743 vero
471 678 595 741 recessit
616 677 656 740 ab
679 696 718 741 eo
746 682 902 754 meroator,
933 676 1077 757 cogitavit
1102 682 1318 757 argumentum

269 772 297 829 ut
315 772 427 848 mperet
449 767 507 830 sibi
538 767 637 830 lilium
661 785 763 830 suum.
811 766 874 840 Qui
898 784 969 829 eum
999 766 1115 829 iuratus
1138 770 1216 829 esset
1238 784 1319 842 eum,

226 856 414 919 aaabscondit
437 856 467 918 in
492 856 590 919 domo
613 855 786 933 cuiusdam;
810 859 838 918 et
861 874 931 919 curn
949 854 1061 917 rediret
1081 854 1121 917 ad
1141 873 1221 931 eum,
1245 854 1320 917 dixit

269 945 311 1006 ille
337 940 551 1030 quilamiserat
574 945 686 1008 lilium:
714 944 863 1009 Vidistine
887 944 986 1007 lilium
1013 945 1139 1007 meum?
1174 943 1235 1007 Cui
1259 962 1320 1007 res

269 1034 380 1113 pondit:
403 1034 469 1096 Alia
492 1034 543 1096 die
568 1051 664 1114 prope
680 1039 762 1096 tuam
787 1033 917 1097 domum
942 1032 1005 1095 vidi
1020 1052 1117 1111 avem,
1141 1051 1203 1112 que
1222 1032 1321 1113 rapuit

270 1140 355 1184 unum
372 1141 513 1203 puerum;
535 1123 638 1186 nescio
655 1128 755 1185 tamen
776 1126 877 1185 utrum
895 1122 954 1185 luit
969 1122 1051 1185 iilius
1067 1126 1147 1185 tuus
1180 1122 1231 1185 ille
1247 1140 1320 1186 vero

269 1230 330 1273 cum
340 1212 455 1275 audiret
461 1212 602 1274 clamavit
614 1211 726 1274 etdixit
736 1212 915 1275 hominibus
923 1212 976 1290 qui
989 1216 1074 1274 erant
1086 1211 1141 1274 ibi:
1153 1210 1321 1274 Audivistis

227 1318 259 1361 uo
271 1318 403 1379 umquam
419 1302 486 1379 tale,
501 1300 588 1380 quod
604 1318 675 1363 aves
692 1300 813 1380 rapiunt
829 1302 965 1380 pueros?
983 1300 1019 1362 Et
1034 1298 1226 1381 respondens
1242 1317 1321 1362 rner-

271 1394 343 1451 calor
356 1390 440 1452 dixit:
465 1392 506 1452 lta
521 1394 578 1466 est;
602 1394 680 1452 terra
702 1390 790 1453 cuius
813 1407 917 1453 mures
938 1390 1106 1452 comedunt
1121 1388 1205 1451 mille
1229 1388 1322 1451 libras

271 1477 340 1555 terri,
361 1480 488 1558 dignum
512 1482 558 1541 est
580 1482 613 1540 ut
635 1479 701 1543 eius
716 1496 787 1541 aves
804 1478 921 1558 rapiant
937 1495 1058 1557 pueros.
1091 1478 1143 1540 llle
1159 1495 1232 1540 vero
1247 1495 1318 1540 curn

270 1568 374 1630 audiret
395 1569 454 1630 hoc
469 1568 608 1644 verbum,
632 1567 791 1630 confessus
807 1571 852 1630 est
866 1567 895 1629 ei
910 1566 1072 1630 abstulisse
1088 1567 1202 1629 terrum
1219 1584 1320 1629 suum.

273 1656 302 1716 Et
320 1657 357 1718 ait
378 1657 416 1719 ei:
441 1657 573 1726 Restitue
593 1656 668 1718 mihi
693 1656 790 1720 lilium
816 1674 929 1734 meum,
953 1660 982 1718 et
1005 1674 1064 1735 ego
1088 1655 1241 1719 restituam
1266 1654 1320 1718 tibi

228 1761 260 1805 ur
273 1743 373 1807 terrum
395 1750 490 1809 tuum.
529 1746 569 1808 tlt
591 1744 641 1808 ille
664 1746 791 1808 restituit
813 1745 871 1808 sibi
895 1745 1004 1822 lilium,
1028 1749 1057 1808 et
1080 1744 1130 1807 ille
1152 1744 1276 1807 ferrum.

644 1892 673 1949 a.
711 1887 765 1966 [ε
790 1886 820 1950 s.
848 1886 933 1966 toa]

350 2012 465 2075 Dicitur
490 2012 584 2075 luisse
608 2011 639 2073 in
664 2012 796 2092 quadam
820 2011 939 2074 civitate
962 2010 1089 2074 nomine
1113 2010 1267 2073 Bostenne
1290 2010 1320 2072 in

272 2101 413 2179 provincia
427 2101 542 2164 Abezie
558 2100 684 2180 quidam
709 2101 922 2181 carpentarius,
946 2100 995 2163 cui
1015 2104 1077 2162 erat
1093 2100 1220 2180 pulchra
1235 2116 1321 2163 uxor.

273 2190 397 2254 Habebat
415 2196 515 2253 autem
540 2190 597 2253 hec
618 2189 773 2269 quendam
790 2190 940 2252 amasium
965 2189 1121 2268 pictorem,
1145 2188 1198 2268 qui
1214 2188 1323 2267 agebat

271 2296 331 2341 cum
360 2298 400 2343 ea.
456 2280 542 2342 Dixit
574 2279 684 2342 mulier
713 2296 772 2343 suo
804 2279 934 2341 amasio:
964 2278 1045 2341 Volo
1079 2282 1113 2339 ut
1143 2277 1236 2340 iacias
1267 2277 1321 2340 tibi

229 2381 261 2426 uo
273 2367 382 2447 signum
406 2387 460 2450 per
483 2368 569 2447 quod
593 2386 777 2448 cognoscam
796 2372 826 2430 te
842 2368 873 2429 in
899 2371 995 2443 nocte,
1019 2371 1131 2429 utnon
1147 2366 1186 2430 sit
1201 2384 1323 2429 neeesse

272 2456 318 2520 tibi
343 2459 467 2521 damare
496 2475 553 2521 nec
581 2457 702 2538 pulsare
733 2457 864 2535 ianuam,
896 2473 935 2520 ne
962 2455 1070 2519 sentiat
1096 2455 1215 2535 aliquis.
1262 2454 1322 2519 Cui

272 2545 337 2609 dixit
356 2547 498 2612 amasius:
531 2547 649 2609 Faciam
680 2547 754 2608 mihi
784 2564 922 2627 pannum
951 2547 1056 2609 album
1080 2549 1109 2608 et
1137 2546 1259 2624 nigrum
1283 2546 1321 2607 ad

271 2635 347 2714 signa
368 2641 518 2701 rectorum
542 2637 629 2716 quasi
654 2635 769 2712 oculos,
795 2639 828 2697 ut
850 2636 956 2699 album
973 2635 1011 2697 sit
1030 2634 1069 2696 ad
1087 2634 1217 2697 modum
1242 2634 1321 2711 lune,

272 2724 380 2803 nigrum
403 2745 477 2790 vero
505 2725 544 2787 ad
568 2725 697 2789 modum
727 2725 845 2805 pupille
873 2724 969 2805 oculi;
1000 2728 1029 2785 et
1055 2724 1182 2803 quando
1210 2723 1323 2786 videris

229 2812 356 2892 utillum,
378 2816 416 2878 sit
436 2815 492 2878 tibi
516 2815 639 2894 signum
663 2812 841 2893 egrediendi
857 2814 896 2876 ad
922 2831 979 2876 me.
1016 2813 1051 2875 Et
1066 2812 1178 2892 placuit
1193 2811 1322 2888 mulieri,

271 2907 296 2963 el
314 2903 377 2967 iecit
400 2905 446 2967 ita.
493 2903 693 2983 Audiensque
722 2903 792 2966 ilios
814 2920 923 2965 servus
952 2902 1088 2964 mulieris
1119 2902 1171 2980 qui
1200 2901 1320 2963 eratin

270 2990 369 3071 domo,
407 2993 597 3057 conservavit
630 2993 759 3055 verbum
801 2992 832 3054 in
867 2990 962 3054 corde
996 3009 1063 3054 suo.
1122 2991 1191 3052 Erat
1220 2993 1321 3052 autem

270 3082 389 3146 amasius
409 3082 559 3146 accedens
581 3082 618 3144 ad
644 3083 740 3162 ipsam
762 3081 793 3144 in
818 3086 917 3158 nocte,
941 3085 969 3142 et
991 3079 1042 3142 illa
1064 3079 1174 3142 videns
1196 3079 1321 3159 signum

271 3172 435 3248 vestimenti,
464 3171 566 3234 exibat
591 3171 630 3234 ad
661 3172 762 3252 ipsum
791 3171 904 3251 statim;
932 3174 962 3232 et
984 3169 1028 3232 sic
1050 3168 1120 3231 iecit
1144 3169 1204 3232 hoc
1227 3169 1323 3232 modo

230 3260 364 3324 tumultis
391 3260 512 3324 diebus.
567 3259 709 3333 Quadam
740 3278 814 3322 vero
850 3258 901 3321 die
931 3277 1002 3322 cum
1039 3259 1094 3320 iret
1127 3259 1253 3321 maritus
1284 3257 1323 3320 ad

271 3349 372 3411 curiam
396 3351 477 3430 regis
493 3349 532 3411 de
552 3353 639 3412 nocte
654 3348 693 3411 ad
710 3349 903 3428 operandum
920 3348 972 3421 ibi,
996 3347 1049 3410 ivit
1064 3365 1171 3410 servus
1187 3347 1324 3410 mulieris

271 3437 303 3497 ad
317 3456 440 3502 uxorem
458 3435 595 3519 pictoris
613 3457 705 3517 quem
728 3437 839 3500 mulier
860 3437 1034 3513 adamabat;
1059 3437 1144 3517 petiit
1165 3437 1192 3499 ei
1217 3440 1250 3508 ut
1263 3436 1326 3520 sibi
1450 3511 1459 3529 ,

272 3524 337 3589 illud
363 3527 608 3592 accommodaret
634 3527 858 3605 vestimentum,
887 3526 1034 3606 deditque
1062 3526 1088 3587 ei
1117 3530 1146 3587 et
1174 3525 1228 3587 ivit
1253 3543 1323 3588 cum

271 3631 303 3676 eo
323 3633 425 3680 servus
447 3616 486 3679 ad
511 3615 669 3678 mulierem
693 3634 780 3678 suam
806 3620 903 3678 nocte.
950 3615 1066 3679 Videns
1089 3615 1191 3694 itaque
1215 3614 1324 3676 mulier

230 3703 383 3782 ursignum
407 3705 536 3769 credidit
558 3723 648 3768 suum
673 3723 739 3768 esse
761 3705 922 3768 amasium.
959 3704 1031 3778 Que
1055 3703 1159 3767 exiens
1181 3703 1219 3765 ad
1243 3721 1324 3780 eum,

272 3794 339 3856 stetit
365 3813 434 3858 cum
469 3813 519 3871 eo;
552 3798 581 3856 et
610 3795 716 3857 abiens
747 3812 854 3856 servus
885 3795 916 3857 in
946 3793 1026 3856 viam
1058 3810 1160 3869 suam,
1199 3792 1325 3854 restituit

272 3883 473 3947 vestimentum
499 3883 540 3946 illi
565 3882 694 3946 mulieri.
731 3884 805 3946 Post
827 3901 902 3946 vero
918 3882 1050 3945 mediam
1068 3886 1187 3944 noctem
1205 3881 1326 3944 rediens

273 3968 359 4046 pictor
379 3974 417 4036 de
440 3973 537 4036 domo
561 3972 649 4052 regis,
677 3974 791 4053 accepit
818 3973 1033 4035 vestimentum
1058 3971 1134 4033 illud
1158 3975 1187 4033 et
1210 3970 1264 4033 ivit
1285 3969 1324 4032 ad

273 4060 427 4124 mulierem.
465 4063 505 4125 At
528 4062 578 4124 illa
601 4080 670 4124 cum
694 4061 817 4138 videret,
842 4061 1004 4141 obstupuit
1019 4060 1156 4139 dixitque
1172 4059 1213 4121 ei:
1238 4058 1324 4132 Quid

232 4146 319 4210 ulli
341 4157 427 4214 nocte
450 4153 526 4214 ista?
555 4156 585 4214 et
606 4168 700 4230 quare
729 4149 842 4212 rediisti
866 4150 903 4212 ad
929 4169 978 4211 me
1005 4150 1114 4211 iterum
1142 4147 1325 4223 festinanter,

274 4252 305 4296 ex
325 4257 384 4318 quo
407 4240 611 4320 adimplevisti
627 4243 709 4301 tuam
727 4238 938 4301 voluntatem?
970 4239 1010 4300 nt
1033 4237 1083 4298 ille
1106 4254 1177 4298 curn
1192 4235 1327 4297 audisset
