3525 5025
846 526 1087 584 -176-

381 717 410 762 so
436 697 562 762 deberet
575 715 643 762 esse
657 702 688 760 et
702 697 788 778 quod
805 715 862 761 nec
885 698 1048 780 episcopus
1063 697 1101 761 ad
1125 715 1197 761 cum
1213 702 1337 776 venerat,
1352 695 1490 776 cogitavit

435 785 518 868 apud
541 805 575 850 se
598 786 683 868 quod
708 785 795 850 nullo
818 787 916 852 modo
939 787 1141 868 penitenciam
1164 805 1250 850 suam
1274 787 1418 866 frangeret

524 875 607 940 Cum
635 881 737 939 autem
768 875 811 938 illi
838 876 1050 940 sollicitassent
1079 895 1150 940 eum
1182 875 1309 956 qualiter
1336 879 1406 939 essct
1426 892 1490 938 res

437 964 594 1046 ponderet,
618 965 727 1046 etipse
743 964 942 1028 immobiliter
958 969 1064 1042 oraret,
1088 964 1283 1045 indignantes
1298 967 1490 1040 recesserunt,

436 1059 467 1117 ct
480 1055 567 1134 quasi
582 1053 622 1118 ad
638 1053 768 1118 domum
784 1054 851 1133 ejus
873 1058 988 1131 euntes,
1004 1054 1161 1117 adducunt
1176 1055 1203 1117 ei
1219 1072 1315 1117 unum
1332 1053 1491 1135 dyabolum

382 1159 411 1206 ao
438 1144 469 1206 in
492 1143 625 1224 speciem
650 1143 755 1206 uxoris
777 1143 1036 1222 transfiguratum,
1060 1148 1089 1206 et
1102 1143 1197 1205 alium
1218 1144 1250 1206 in
1267 1144 1392 1224 speciem
1407 1141 1492 1223 pueri

436 1232 484 1296 sui
508 1231 635 1313 parvuli,
667 1249 760 1312 quem
785 1231 917 1294 maxime
948 1231 1101 1312 diligebat,
1133 1250 1226 1312 quern
1258 1232 1391 1313 portabat
1416 1231 1494 1294 inter

437 1321 559 1384 brachia
582 1325 691 1398 mater,
718 1325 749 1384 et
769 1318 847 1383 dixit
868 1320 896 1383 ei
920 1337 1014 1383 uxor:
1048 1320 1213 1399 „Domine
1237 1321 1313 1402 quid
1336 1319 1495 1402 responde-

437 1409 508 1474 bitis
531 1409 596 1474 istis
618 1410 860 1474 mercatoribus?
906 1409 1005 1472 Modo
1034 1409 1112 1489 juste
1143 1411 1270 1490 potestis
1300 1408 1410 1486 lucrari,
1438 1408 1494 1489 qui

436 1497 580 1563 solebatis
606 1499 706 1561 aliena
727 1513 861 1579 raperet
909 1498 1054 1562 Similiter
1084 1516 1161 1579 puer
1190 1516 1319 1580 pomum
1346 1499 1372 1561 ei
1400 1497 1497 1578 porri-

382 1603 412 1649 to
438 1589 536 1668 gebat,
559 1592 589 1650 ct
603 1587 630 1650 ei
646 1586 859 1668 applaudebat,
882 1588 954 1651 etei
971 1587 1154 1668 loquebatur
1168 1586 1382 1651 balbucieudo.
1414 1585 1496 1650 Cum

436 1681 537 1740 autem
562 1694 619 1740 nec
641 1694 696 1757 per
719 1676 778 1740 hoc
800 1680 927 1757 stupens
958 1693 991 1740 se
1015 1680 1150 1740 moveret
1172 1680 1225 1739 aut
1251 1677 1424 1756 loqueretur
1444 1674 1498 1752 eis,

438 1765 551 1846 incepit
573 1783 653 1829 uxor
675 1765 749 1828 llere
771 1769 856 1828 etse
878 1764 1020 1828 miseram
1045 1765 1153 1842 dicere,
1182 1782 1240 1845 pro
1263 1766 1330 1828 viro
1352 1782 1416 1842 suo,
1443 1763 1498 1846 qui

438 1854 591 1934 loquelam
615 1855 757 1918 amiserat
783 1858 813 1917 ct
838 1871 979 1931 sensum;
1009 1858 1130 1917 etcum
1163 1871 1219 1917 nec
1247 1854 1292 1918 sic
1318 1854 1368 1916 ille
1393 1853 1500 1933 loque-

438 1947 532 2020 retur,
570 1948 689 2006 mutant
718 1959 752 2006 se
785 1943 937 2007 demones
971 1942 1002 2007 in
1037 1943 1268 2006 similitudinem
1303 1942 1438 2024 episcopi
1470 1946 1502 2006 et

382 2048 410 2094 o
437 2032 627 2109 clericorum,
658 2037 688 2095 ct
713 2031 798 2096 venit
822 2034 862 2094 ad
890 2031 1016 2094 militem
1046 2032 1097 2095 ille
1118 2031 1214 2096 lactus
1243 2032 1408 2113 episcopus
1430 2049 1499 2096 cum

437 2121 520 2184 clero
542 2138 610 2199 suo,
634 2120 752 2184 dicens:
779 2120 981 2200 „benedicite
1006 2120 1063 2198 llli;
1087 2121 1246 2184 benedicat
1260 2121 1315 2185 tibi
1333 2121 1501 2198 Dominum

437 2209 600 2290 quomodo
633 2209 691 2272 luit
720 2209 816 2272 ubit·
853 2214 883 2272 ct
914 2209 1102 2289 huiusmodi.
1149 2209 1319 2290 Obstupuit
1348 2211 1444 2287 miles,
1474 2213 1503 2274 et
1605 2233 1606 2284 y

438 2298 571 2362 hesitans
600 2298 655 2361 diu
685 2298 711 2361 si
742 2298 955 2379 responderet,
994 2298 1067 2379 quia
1097 2317 1161 2362 non
1191 2299 1353 2362 videbatur
1383 2299 1410 2362 ei
1441 2317 1503 2364 nox

437 2387 587 2465 transisse,
611 2388 739 2467 rogabat
761 2387 838 2450 intra
853 2404 887 2451 se
904 2387 1075 2450 Dominum
1101 2406 1140 2451 ne
1155 2386 1353 2468 deciperetur,
1379 2392 1408 2451 et
1429 2386 1504 2452 deli·

383 2492 411 2539 ω
438 2476 553 2541 beravit
582 2494 615 2541 se
647 2477 749 2558 primo
779 2476 902 2558 signare
929 2494 1021 2558 quam
1053 2477 1153 2557 loqui;
1184 2477 1268 2557 quod
1293 2495 1364 2541 cum
1388 2477 1506 2557 laceret,

437 2566 558 2631 confusi
581 2565 731 2631 demones
754 2566 908 2629 invertunt
930 2584 963 2630 se
986 2567 1018 2628 in
1043 2566 1206 2631 horribiles
1228 2566 1352 2647 species,
1378 2567 1506 2631 militem

437 2656 632 2719 verberantes
655 2656 814 2735 usquead
846 2658 977 2720 mortem
1002 2659 1031 2717 et
1053 2670 1124 2718 eum
1148 2655 1294 2719 acerrime
1316 2659 1508 2735 torquentes.

438 2743 519 2808 Cum
543 2750 643 2807 autem
668 2744 707 2807 ad
731 2744 911 2808 crucifixum
936 2744 1044 2809 oculos
1067 2744 1198 2808 elevaret
1219 2744 1386 2823 etJhesum
1411 2746 1510 2809 cruci-

437 2834 534 2897 fixum
558 2838 587 2896 et
601 2838 727 2897 matrem
743 2833 811 2912 eius
825 2833 857 2896 in
873 2851 965 2897 suum
982 2832 1170 2913 adjutorium
1190 2833 1359 2910 advocaret
1384 2834 1510 2898 confusi

383 2938 411 2985 oo
437 2941 507 2986 cum
532 2922 666 2985 maximo
689 2922 791 2985 sonitu
814 2922 969 3002 fugerunt.
1016 2924 1108 2985 Mane
1130 2927 1230 2986 autem
1255 2922 1341 2999 lacto,
1364 2923 1512 3003 aperiens

438 3011 602 3093 episcopus
624 3014 736 3091 portas,
758 3012 842 3074 venit
864 3016 894 3074 et
916 3011 1032 3075 invenit
1050 3030 1121 3075 eum
1139 3012 1227 3091 quasi
1251 3016 1418 3089 mortuum,
1444 3014 1510 3092 qui,

438 3118 578 3164 reversus
600 3099 638 3163 ad
662 3100 751 3177 vires,
778 3100 879 3164 retulit
906 3100 1035 3181 qualiter
1057 3100 1116 3164 sibi
1139 3101 1249 3179 iuerat;
1280 3105 1403 3164 etcum
1427 3102 1512 3182 epis-

438 3207 536 3271 copus
558 3189 672 3254 diceret
693 3189 721 3252 ci
746 3188 831 3270 quod
855 3190 881 3251 ci
905 3190 995 3252 aliam
1017 3189 1219 3269 penitenciam
1237 3207 1300 3252 non
1324 3189 1511 3271 iniungeret,
1604 3184 1605 3203 ¹

438 3278 488 3341 illc
511 3278 542 3340 in
570 3278 720 3342 artissima
749 3279 919 3359 penitencia
949 3278 1122 3359 permansit,
1155 3277 1261 3342 dicens
1290 3277 1376 3359 quod
1408 3280 1512 3359 magis

382 3386 411 3432 oo
438 3367 528 3430 vellet
557 3368 637 3431 mori
672 3385 764 3447 quam
799 3366 987 3431 demonibus
1021 3372 1081 3429 tam
1117 3367 1294 3432 crudelibus
1322 3367 1437 3431 servire
1469 3368 1512 3432 de

437 3461 537 3520 cetero
559 3458 607 3519 vel
631 3456 662 3519 in
688 3474 797 3520 manus
819 3474 928 3520 corum
953 3457 1069 3521 cadere.

833 3607 862 3662 2.
907 3558 961 3679 [--’
985 3598 1015 3665 s.
1041 3599 1102 3679 su]

525 3723 639 3787 Audivi
663 3742 680 3786 a
703 3724 794 3788 fratre
814 3724 970 3789 Gaulrido
993 3725 1033 3788 dc
1056 3724 1178 3802 Blevex,
1203 3728 1319 3789 rectore
1340 3724 1507 3805 theologie,

437 3813 523 3893 quod
554 3812 663 3876 accidit
692 3813 723 3875 in
755 3814 949 3877 Theothonia
978 3813 1065 3894 quod
1096 3814 1223 3895 quidam
1253 3812 1507 3893 archidyaconus,

437 3902 578 3965 ambiens
600 3901 819 3982 episcopatum,
843 3903 1046 3966 insidiabatur
1067 3904 1214 3984 episcopo
1237 3920 1304 3981 suu,
1328 3902 1415 3967 bono
1437 3903 1508 3967 viro

382 4006 412 4052 oo
439 3996 468 4054 ct
501 3991 576 4068 seni,
615 3991 778 4069 quomodo
816 4008 887 4054 cunr
927 3992 1090 4069 occideret;
1129 3996 1158 4055 et
1191 4008 1262 4055 cum
1297 3992 1508 4055 consuevisset

438 4080 537 4143 dictus
559 4079 722 4159 episcopus
745 4080 850 4142 venire
872 4079 912 4142 ad
936 4079 1097 4143 matutinas
1124 4084 1153 4143 et
1175 4080 1335 4161 prevenire
1357 4080 1442 4157 alios,
1467 4081 1507 4143 ad
1603 4135 1604 4149 ,

437 4166 625 4229 salutandam
661 4168 779 4229 beatam
811 4167 983 4245 Virginem,
1030 4172 1060 4230 et
1098 4168 1208 4231 intrare
1247 4186 1302 4249 per
1337 4169 1506 4248 quamdam
1603 4216 1604 4231 ,

436 4257 554 4330 portam
577 4256 717 4327 veterem,
748 4253 909 4314 collocavit
930 4254 969 4314 de
993 4258 1082 4317 nocte
1104 4256 1348 4336 archidyaconus
1371 4256 1506 4338 lapidem
