3525 5025
659 501 881 555 -41-

253 704 288 712 -
307 668 351 732 nd
375 669 449 732 lnaec
470 674 584 733 arator:
608 669 640 734 Si
663 671 794 735 verbum
817 671 890 749 dixi,
915 690 979 735 non
995 677 1097 737 tamen
1112 678 1302 738 sacramento

253 758 425 821 confirmavi.
458 794 485 803 -
518 760 554 822 Et
577 759 670 841 lupus
692 763 810 824 contra:
847 761 970 825 Habere
993 761 1103 841 debeo,
1133 762 1206 843 quia
1229 780 1302 827 eon-

254 846 359 911 cessisti.
383 883 408 892 -
435 846 635 912 2.'Dixerunt
649 849 772 913 tandem
796 850 882 930 quod
907 850 980 914 inde
1004 851 1083 914 irent
1103 852 1144 914 ad
1158 851 1302 931 iudicem.

213 954 245 998 ris
256 934 337 1009 Quod
359 936 434 999 dum
458 936 591 1000 iacerent
612 936 698 1019 vulpi
722 938 933 1002 obviaverunt.
979 939 1105 1014 Quibus
1119 940 1304 1005 abeuntibus

254 1024 287 1086 ait
311 1024 426 1107 vulpes:
458 1025 535 1099 Quo
564 1025 707 1090 tenditis?
739 1062 766 1071 -
800 1026 843 1089 lili
867 1027 954 1109 quod
979 1028 1090 1091 lactum
1115 1028 1213 1093 iuerat
1235 1048 1303 1093 nar-

255 1119 380 1178 raverunt
409 1114 505 1196 vulpi.
551 1115 678 1189 Quibus
707 1116 795 1179 dixit:
829 1116 891 1180 Pro
918 1115 1017 1181 nihilo
1039 1117 1134 1181 alium
1158 1118 1304 1198 quaeritis

253 1201 377 1282 judicem,
400 1204 549 1283 quoniam
575 1209 689 1268 rectum
706 1206 796 1269 vobis
811 1205 919 1269 faciam
934 1205 1095 1286 judicium.
1140 1206 1201 1271 Sed
1216 1208 1303 1288 prius

254 1292 396 1369 permittite
418 1292 591 1371 consilium,
615 1293 701 1373 loqui
725 1294 779 1357 uni
803 1312 840 1357 ex
863 1294 961 1371 vobis,
985 1299 1015 1358 et
1037 1295 1150 1359 deinde
1164 1295 1258 1374 alteri,
1274 1301 1304 1359 et

213 1380 275 1443 orsi
295 1385 394 1461 potero
416 1400 475 1445 vos
505 1383 693 1445 concordare
723 1384 790 1447 sine
811 1383 937 1463 jndicio,
968 1384 1117 1448 sententia
1139 1385 1301 1463 celabitur;

255 1468 416 1549 sinautem,
447 1471 479 1532 in
510 1489 677 1535 commune
695 1471 803 1535 detur.
832 1508 864 1518 -
896 1478 924 1535 3.
946 1472 986 1535 At
1009 1473 1051 1535 illi
1076 1480 1300 1538 concesserunt

255 1557 284 1619 Et
302 1560 403 1641 vulpes
425 1560 561 1641 primum
586 1561 687 1624 locuta
717 1565 762 1624 est
790 1562 920 1625 seorsim
944 1580 1016 1625 curn
1039 1566 1165 1641 aratore,
1194 1568 1223 1627 et
1244 1564 1302 1627 ait:

255 1646 295 1708 Da
314 1648 384 1711 mihi
408 1667 501 1712 unam
525 1648 679 1729 gallinam,
703 1654 732 1713 et
754 1651 842 1713 uxori
866 1669 952 1714 meae
974 1651 1107 1729 alterarn,
1131 1656 1160 1715 et
1175 1652 1304 1717 habebis

254 1734 341 1800 boves.
369 1773 400 1782 -
429 1738 540 1801 arator
561 1738 720 1803 concessit.
767 1740 804 1802 Et
826 1740 888 1803 hoc
910 1739 989 1804 iacto
1012 1758 1083 1805 cunr
1108 1739 1183 1822 lupo
1200 1742 1301 1822 loqui·

213 1828 300 1901 sator,
321 1826 435 1890 dicens:
463 1827 555 1904 Audi,
578 1828 689 1891 amice!
737 1828 853 1892 Meritis
875 1829 937 1892 tuis
959 1829 1220 1909 praecedentibus,
1245 1849 1302 1911 pro

254 1916 276 1975 te
298 1914 382 1979 debet
411 1916 436 1979 si
467 1934 530 1996 qua
559 1934 628 1979 mea
654 1916 797 1980 facundia
825 1921 869 1981 est
892 1918 1039 1982 laborare.
1084 1919 1180 1981 Tanta
1203 1919 1304 1983 locuta

253 2019 309 2065 sum
336 2023 404 2067 cum
436 2005 558 2083 rustic0,
590 2005 676 2087 quod
704 2006 730 2069 si
762 2006 917 2070 dimiseris
947 2006 1044 2071 boves
1067 2007 1149 2071 illios
1172 2008 1302 2072 omnino

253 2092 363 2171 quietos,
387 2094 473 2158 dabit
494 2094 549 2156 tibi
573 2112 695 2159 caseum
718 2095 757 2158 ad
782 2095 1026 2176 magnitudinem
1058 2096 1156 2178 clypei
1180 2097 1301 2161 lactum.

263 2214 280 2223 -
308 2191 334 2245 4.
356 2184 426 2247 Hoc
449 2184 542 2264 lupus
565 2184 724 2247 concessit.
771 2183 831 2247 Cui
855 2185 965 2265 vulpes
987 2184 1039 2248 ait:
1068 2184 1216 2249 Concede
1237 2204 1302 2249 ara-

213 2270 335 2337 ssotorem
364 2290 439 2336 suos
463 2270 559 2335 bove's
582 2273 702 2351 ducere,
733 2277 763 2337 et
785 2292 846 2353 ego
868 2274 979 2337 ducam
1004 2277 1032 2337 te
1055 2274 1094 2336 ad
1118 2275 1222 2338 locum
1247 2275 1301 2338 ubi

253 2362 379 2435 parantur
412 2361 479 2442 ejus
513 2362 600 2439 casei,
635 2366 669 2425 ut
702 2380 795 2443 quern
831 2362 966 2426 volueris
996 2362 1036 2425 de
1064 2363 1168 2427 multis
1189 2364 1302 2444 eligere

252 2448 344 2526 possis.
367 2450 476 2515 —Sed
500 2450 593 2532 lupus
615 2455 729 2516 astutae
751 2451 854 2533 vulpis
876 2451 1021 2533 deceptus
1044 2452 1147 2516 verbis
1163 2452 1300 2535 quietum

251 2537 321 2601 abire
349 2540 487 2620 permisit
515 2541 671 2604 rusticum.
717 2541 833 2622 Vulpes
863 2560 937 2605 vero
960 2541 1103 2621 vagando
1127 2542 1189 2605 huc
1210 2547 1302 2623 atque

251 2624 311 2690 illuc
324 2633 470 2708 quantum
488 2630 587 2710 potuit
602 2631 711 2711 lupum
726 2629 865 2706 deviavit,
889 2648 992 2710 quem,
1015 2630 1156 2694 veniente
1171 2631 1303 2695 obscura

212 2721 334 2796 oonocte,
359 2717 398 2781 ad
427 2719 523 2781 altum
555 2723 681 2800 puteum
705 2719 840 2796 deduxit,
870 2719 920 2782 cui
944 2737 1038 2800 super
1061 2724 1188 2800 puteum
1212 2721 1302 2784 stanti

251 2803 366 2869 tomam
398 2808 490 2871 lunae
518 2808 705 2889 semiplenae
732 2808 764 2871 in
796 2809 857 2872 ima
880 2809 962 2888 putei
992 2808 1136 2872 radiantis
1160 2809 1300 2886 ostendit,

250 2896 273 2954 et
284 2895 331 2958 ait:
356 2900 383 2960 5.
402 2896 464 2960 llic
479 2901 524 2960 est
538 2915 644 2961 caseus
660 2916 753 2978 quem
769 2897 823 2960 tibi
836 2897 985 2978 promisit,
997 2896 1150 2961 descende
1161 2897 1187 2960 si
1206 2898 1303 2980 placet

250 2984 273 3042 et
291 2985 424 3063 comede.
449 3021 476 3030 -
499 2986 548 3049 Ad
565 2987 640 3050 haec
656 2985 760 3068 lupus:
786 2984 947 3050 Descende
964 2985 1112 3067 primitus,
1137 2991 1166 3050 et
1187 2987 1213 3050 si
1237 2988 1303 3051 sola

250 3069 353 3136 deterre
376 3092 440 3139 non
465 3076 586 3156 poteris,
617 3079 651 3138 ut
673 3080 702 3138 te
723 3076 827 3155 iuvem
851 3074 960 3138 faciam
984 3075 1071 3155 quod
1095 3076 1234 3139 hortaris.
1266 3112 1293 3120 -

212 3158 280 3221 mer
299 3161 355 3226 hoc
376 3164 460 3228 dicto
482 3164 625 3227 viderunt
648 3164 773 3228 cordam
798 3163 984 3245 pendentem
1008 3165 1039 3226 in
1063 3169 1165 3244 puteo,
1195 3164 1226 3227 in
1250 3183 1302 3229 cu·

248 3245 290 3324 jus
308 3253 399 3334 capite
423 3257 486 3316 erat
508 3254 631 3317 urceola
654 3253 751 3334 ligata,
775 3257 804 3315 et
827 3252 858 3315 in
882 3253 944 3317 alio
967 3253 1063 3334 capite
1083 3253 1195 3317 cordae
1210 3254 1302 3317 altera

250 3342 367 3424 urceola;
391 3347 421 3406 et
443 3342 619 3424 pendebant
641 3341 691 3405 tali
708 3342 844 3422 ingenio,
869 3342 956 3423 quod
973 3360 1035 3405 una
1049 3347 1194 3422 surgente
1209 3343 1302 3406 altera

249 3424 445 3495 descendebat
493 3437 521 3495 ό.
545 3431 641 3506 Quod
672 3431 781 3512 vulpes
808 3431 900 3494 simul
931 3450 967 3495 ac
996 3430 1072 3494 vidit
1101 3431 1188 3512 quasi
1212 3433 1302 3496 obse·

250 3532 335 3592 quens
367 3520 511 3602 precibus
549 3519 612 3601 lupi
646 3521 799 3584 urceolam
836 3521 957 3584 intravit
983 3520 1077 3583 etad
1109 3521 1300 3601 protundum

212 3613 240 3660 tos
251 3607 328 3670 venit
361 3611 467 3690 Lupus
489 3614 590 3672 autem
615 3609 687 3673 inde
709 3610 833 3689 gavisus
855 3610 909 3673 ait:
933 3609 1000 3675 Cur
1023 3627 1087 3673 non
1110 3610 1203 3674 affers
1226 3611 1301 3674 mihi

251 3700 378 3761 caseum?
403 3734 445 3744 —
470 3698 586 3779 Vulpes
608 3699 662 3762 ait:
685 3700 817 3780 Nequeo
834 3717 892 3780 pro
909 3698 1129 3779 magnitudine,
1152 3699 1207 3762 sed
1225 3699 1303 3762 intra

249 3781 324 3848 aliam
341 3787 504 3865 urceolam,
528 3792 557 3851 et
575 3788 645 3851 veni
662 3788 741 3851 sicut
755 3788 960 3870 spopondisti.
983 3824 1027 3833 -
1052 3789 1140 3869 Lupo
1164 3787 1300 3865 intrante,
1383 3833 1386 3840 -

249 3876 356 3939 urceola
390 3877 601 3958 magnitudine
637 3877 784 3959 ponderis
818 3877 907 3941 ducta
941 3877 1002 3940 cito
1041 3876 1174 3940 tondum
1210 3878 1302 3958 petiit,

249 3959 327 4026 altera
358 3970 503 4046 surgente
537 3985 607 4030 cum
642 3967 743 4049 vulpe,
778 3985 857 4048 quae
888 3970 951 4030 erat
982 3966 1088 4029 levior.
1133 3966 1302 4047 Vulpecula

214 4049 315 4116 notaeto
336 4073 389 4118 ore
412 4055 496 4136 put'ei
519 4055 602 4120 toras
624 4056 736 4135 exiluit,
760 4060 790 4119 et
812 4056 843 4119 in
867 4059 961 4136 puteo
985 4055 1094 4136 lupum
1118 4055 1246 4132 dimisit,
1274 4059 1303 4118 et

251 4134 288 4215 ita,
309 4144 390 4222 quod
407 4163 467 4225 pro
486 4144 591 4208 futuro
614 4162 758 4226 praesens
773 4145 897 4220 dimisit,
914 4143 1007 4225 lupus
1023 4145 1119 4208 boves
1134 4148 1164 4207 et
1178 4161 1301 4207 caseum

250 4233 430 4302 promeritis
453 4233 594 4315 perdidit
