3525 5025
860 523 1101 579 -174—

448 691 513 756 filia
542 710 623 770 mea,
657 711 697 756 ne
726 693 929 757 miserabilem
961 698 990 757 et
1018 694 1226 775 turpissimam
1259 694 1350 758 vitam
1382 695 1516 775 imiteris,

448 781 522 861 quia
544 781 631 844 nullo
654 782 751 846 modo
774 800 881 862 posses
908 783 1036 846 evadere
1059 784 1209 847 cruciatus
1231 788 1380 847 demost
1430 785 1517 848 Post·

449 869 579 934 modum
595 869 756 934 videbatur
771 871 813 933 illi
830 871 917 951 quod
933 872 1095 935 duceretur
1108 872 1148 934 ad
1165 872 1268 936 locum
1285 873 1516 936 amenissimum

449 963 479 1022 et
511 959 700 1038 gloriosum,
738 960 793 1023 ubi
828 960 859 1023 in
895 961 1052 1024 consortio
1086 966 1262 1025 sanctorum
1298 967 1326 1025 el
1359 964 1516 1026 honorum

395 1063 438 1112 rer
451 1047 615 1128 spirituum
661 1048 785 1112 videbat
829 1054 945 1129 patrem
1002 1067 1093 1114 suum
1148 1051 1214 1114 sole
1266 1051 1517 1131 splendidiorem,

450 1137 549 1217 gloria
571 1142 601 1200 et
623 1137 743 1202 honore
765 1142 956 1202 coronatum.
992 1138 1053 1202 Cui
1068 1139 1197 1219 angelus
1212 1139 1265 1202 ait:
1291 1139 1409 1219 „Cuius
1425 1141 1517 1203 vitam

449 1226 497 1290 vis
520 1225 628 1290 imitari
652 1227 746 1306 patris
768 1227 811 1290 tui
834 1231 887 1290 aut
909 1228 1053 1292 matris?¹¹
1092 1227 1152 1292 Cui
1170 1228 1231 1291 illa:
1259 1229 1424 1306 „Domine
1448 1230 1518 1309 juro

449 1315 547 1392 vobis,
572 1315 717 1395 promitto
737 1316 823 1396 quod
848 1333 1008 1396 nunquam
1033 1316 1136 1380 matris
1160 1335 1227 1380 mee
1249 1318 1340 1380 vitam
1365 1317 1518 1396 imitabor,

449 1404 504 1468 sed
528 1403 670 1485 exemplo
693 1404 787 1484 patris
809 1406 870 1467 mei
888 1405 918 1468 in
936 1405 1099 1486 penitentia
1122 1410 1151 1469 et
1173 1406 1279 1470 labore
1301 1407 1393 1469 vitam
1417 1425 1518 1470 meam

396 1509 437 1556 rru
451 1491 525 1557 volo
555 1508 767 1557 consumare.⁴¹
824 1495 916 1558 Mane
946 1498 1046 1557 autem
1081 1494 1173 1573 iacto,
1208 1495 1357 1576 quicquid
1388 1496 1521 1560 habebat

450 1582 639 1662 pauperibus
661 1582 805 1662 erogavit,
828 1587 858 1646 et
879 1583 1060 1646 artissimam
1084 1583 1176 1646 vitam
1192 1584 1310 1647 ducens
1325 1585 1356 1647 in
1373 1585 1520 1666 spelunca

450 1686 483 1735 se
506 1670 636 1736 reclusit
671 1670 720 1734 De
743 1671 803 1734 hiis
825 1689 901 1752 ergo
924 1673 1101 1753 parentibus
1124 1673 1177 1752 qui
1200 1672 1372 1737 secundum
1396 1693 1518 1737 carnem

450 1759 534 1824 illios
556 1777 632 1824 suos
653 1758 788 1839 diligunt
801 1764 831 1823 et
848 1761 888 1823 de
911 1761 1073 1825 animabus
1096 1779 1160 1824 non
1184 1766 1298 1839 curant,
1322 1763 1376 1825 sed
1401 1764 1518 1826 malum

449 1847 625 1928 exemplum
641 1848 686 1912 eis
708 1849 843 1930 prebent,
866 1850 908 1912 ait
924 1850 1093 1914 Dominus:
1120 1849 1203 1924 „Qui
1225 1868 1289 1914 non
1312 1852 1381 1915 odit
1402 1856 1518 1933 patrem

396 1953 436 2000 rra
451 1942 481 2000 et
503 1941 629 2002 matrem
654 1942 780 2018 propter
802 1957 852 2000 me
875 1956 938 2002 non
963 1943 1008 2002 est
1031 1958 1080 2003 me
1103 1939 1245 2019 dignus.u

812 2157 863 2216 ³7.
905 2152 958 2231 [=
983 2152 1044 2216 No.
1070 2153 1154 2233 296.]

540 2292 589 2356 De
612 2292 749 2373 quodam
772 2293 833 2356 alio
856 2292 960 2356 audivi
984 2293 1047 2375 qui,
1071 2294 1186 2358 cunctis
1209 2313 1271 2374 que
1294 2295 1426 2359 habebat
1448 2315 1518 2361 cum

451 2381 548 2445 deciis
570 2381 698 2458 amissis,
721 2382 834 2462 ceperit
848 2382 1011 2463 desperare
1027 2387 1056 2446 et
1071 2383 1283 2463 blasphemare
1300 2384 1413 2463 Deum,
1429 2390 1521 2467 atque

451 2469 597 2535 invocare
619 2470 801 2552 dyabolum;
825 2476 940 2535 etcum
956 2472 1129 2537 accessisset
1151 2471 1189 2535 ad
1207 2473 1373 2553 quemdam
1389 2475 1519 2555 iudeum

453 2578 610 2641 magnum,
634 2560 710 2624 dixit
732 2561 759 2623 ei
782 2559 907 2640 judeus:
934 2562 1041 2641 „Nega
1069 2561 1226 2625 Christum
1251 2567 1280 2625 et
1303 2568 1429 2627 matrem
1453 2566 1521 2645 ejus

397 2666 438 2714 rso
452 2654 482 2713 et
503 2654 633 2725 sanctos,
663 2654 692 2712 et
714 2668 774 2729 ego
797 2650 903 2713 taciam
936 2651 1020 2730 quod
1053 2651 1141 2731 plura
1170 2651 1298 2715 habebis
1329 2671 1422 2732 quarn
1451 2658 1521 2717 ante

451 2738 613 2803 habuisti!
651 2737 715 2812 Qui
733 2739 904 2819 respondit:
931 2739 1053 2805 „Deum
1071 2744 1100 2803 et
1115 2745 1235 2805 sanctos
1259 2759 1370 2821 negare
1385 2760 1520 2823 possem,
1600 2762 1601 2785 ¹

451 2827 506 2893 sed
531 2827 698 2908 piissimam
723 2828 790 2907 eius
819 2833 945 2891 matrem
975 2829 1062 2892 nullo
1093 2829 1190 2893 modo
1219 2843 1393 2909 negaremt
1443 2830 1521 2905 Quo
1600 2824 1601 2915 l

450 2916 564 2992 audito,
593 2916 706 2996 judeus
733 2918 827 2981 iratus
853 2917 969 2998 expulit
997 2918 1108 2998 ipsum.
1154 2918 1235 2982 Cum
1259 2923 1358 2982 autem
1383 2921 1519 2999 quadam
1600 2922 1601 3007 l

451 3006 502 3069 die
529 3011 599 3069 ante
629 3006 804 3087 ymaginem
829 3007 919 3071 Reate
943 3007 1079 3087 Virginis
1101 3008 1263 3085 transisset,
1293 3025 1406 3089 ymago
1429 3011 1520 3087 quasi
1600 3044 1601 3101 p

396 3111 437 3159 reo
451 3095 562 3175 gratias
585 3096 720 3159 reterens
751 3096 794 3158 illi
822 3096 985 3173 inclinavit,
1016 3101 1045 3159 et
1073 3097 1133 3160 hoc
1155 3096 1280 3176 quidam
1310 3095 1397 3159 dives
1421 3097 1521 3163 homo

450 3184 503 3263 qui
527 3188 590 3247 erat
613 3184 644 3247 in
668 3184 793 3248 ecclesia
815 3183 898 3247 vidit
944 3184 1026 3248 Cum
1051 3189 1151 3248 autem
1175 3185 1232 3247 alia
1255 3185 1320 3248 vice
1342 3190 1411 3249 ante
1433 3205 1521 3267 yma·
1600 3260 1601 3273 ἶ

449 3272 553 3351 ginem
577 3273 716 3337 transiret
738 3274 846 3336 iterum
870 3292 983 3354 ymago
1008 3274 1161 3337 inclinavit
1185 3274 1235 3351 illi,
1265 3274 1401 3354 predicto
1424 3274 1521 3339 divite

450 3361 511 3424 lroc
534 3360 664 3434 vidente,
688 3366 718 3425 et
739 3362 828 3426 valde
850 3362 1039 3440 ammirante,
1068 3367 1097 3426 et
1119 3367 1226 3425 vocato
1250 3362 1312 3440 illo,
1335 3364 1389 3442 qui
1414 3364 1521 3428 nudus
1600 3370 1601 3411 ἲ

450 3455 520 3527 erat,
552 3455 582 3513 et
604 3452 691 3531 quasi
720 3451 857 3515 ribaldus
880 3451 1048 3529 incedebat,
1079 3451 1120 3514 ait
1147 3451 1202 3515 illi:
1238 3452 1329 3526 „Que
1360 3458 1433 3516 sunt
1462 3454 1521 3517 hec

396 3557 436 3603 rso
452 3539 602 3602 mirabilia
632 3540 719 3619 quod
749 3558 861 3621 ymago
893 3541 943 3604 illa
974 3540 1021 3604 bis
1051 3540 1206 3603 inclinavit
1236 3540 1332 3604 tibi?¹¹
1382 3540 1442 3605 Cui
1469 3544 1520 3607 ille
1600 3534 1601 3615 ]

451 3628 622 3709 respondit:
649 3630 781 3693 „Nescio
805 3648 899 3709 quare
923 3631 983 3693 hoc
1006 3630 1087 3707 iecit,
1111 3630 1264 3711 pessimus
1280 3630 1361 3693 enim
1379 3636 1520 3710 peccator

450 3735 528 3795 sum,
552 3722 582 3780 et
604 3717 709 3780 omnia
729 3718 813 3781 bona
828 3723 952 3799 paterna
968 3718 1124 3783 luxuriose
1138 3718 1273 3781 vivendo
1290 3724 1318 3782 et
1336 3738 1405 3783 cum
1423 3719 1519 3785 deciis

451 3806 589 3869 ludendo
611 3805 730 3869 amisi.u
779 3807 840 3871 Cui
864 3807 963 3871 dives:
997 3807 1189 3881 „Quomodo
1218 3811 1317 3889 potest
1346 3808 1406 3872 hoc
1429 3812 1518 3873 esse?
1600 3800 1601 3809 ’

452 3895 546 3958 iecisti
578 3912 715 3975 unquam
748 3896 875 3975 aliquod
906 3896 1067 3959 servicium
1094 3897 1183 3960 Beate
1206 3897 1344 3961 Marieir
1392 3897 1433 3960 At
1454 3898 1518 3962 ille:

397 4001 437 4048 reo
454 3984 540 4050 „Nec
570 3984 648 4061 Deo,
679 4001 736 4046 nec
765 3984 807 4047 illi
838 3984 977 4047 servivi.u
1028 3987 1063 4048 Et
1092 3985 1214 4048 tandem
1246 3985 1430 4064 recordatus,
1463 3988 1518 4051 ait:

453 4072 610 4145 „Quidam
646 4070 759 4150 iudeus
792 4072 890 4136 voluit
920 4092 970 4136 me
1003 4073 1126 4136 divitem
1166 4074 1272 4159 tacere,
1312 4074 1336 4137 si
1373 4093 1516 4155 negarem

450 4161 571 4221 Beatam
596 4160 732 4235 Mariam,
763 4160 818 4221 sed
849 4160 943 4222 malui
976 4180 1092 4240 pauper
1123 4180 1280 4226 remanere
1311 4180 1403 4242 quam
1434 4164 1516 4227 illam

448 4260 588 4322 negaret
639 4246 674 4306 Et
703 4245 792 4306 valde
821 4251 1025 4323 compunctus
1055 4247 1142 4311 dives
1171 4249 1224 4311 ait:
1259 4252 1362 4316 „Bene
1389 4252 1514 4317 iecisti!¹
