3525 5025
685 517 928 575 -191-

270 688 413 767 mesticie,
444 689 523 752 dixit
545 689 631 769 qnod
660 689 720 754 boc
748 687 862 753 diceret
882 689 911 752 ei
934 692 965 752 el
986 687 1131 753 denarios
1158 687 1228 752 illos
1255 688 1341 753 daret

216 779 308 855 maci,
330 779 357 842 si
372 778 590 858 juraretquod
606 796 664 858 pro
679 778 797 842 viribus
811 778 877 842 suis
891 795 963 842 eum
985 777 1112 858 juvaret
1147 777 1245 852 Quod
1268 795 1339 842 cum

270 867 321 930 illa
342 867 472 944 iecisset,
497 867 548 930 ille
570 866 647 930 dixit
668 885 702 930 se
724 884 792 931 esse
813 866 980 931 demonem
996 866 1050 948 qui
1070 867 1202 946 graviter
1216 867 1341 932 timebat

270 956 374 1037 puniri
397 975 417 1018 a
439 973 499 1020 suo
528 955 674 1036 principe,
705 956 759 1036 qui
788 973 843 1036 per
871 955 994 1036 triginta
1022 973 1122 1020 annos
1153 956 1341 1020 laboraverat

269 1050 377 1109 contra
399 1045 475 1108 tales
497 1044 686 1124 coniugatus,
710 1063 768 1108 nec
789 1049 930 1126 potuerat
944 1062 999 1109 eos
1014 1044 1062 1108 vel
1085 1045 1184 1109 facere
1207 1063 1339 1126 peccare,

269 1135 317 1198 vel
334 1134 368 1197 in
383 1134 491 1214 aliquo
507 1134 695 1211 discordare;
711 1133 774 1214 qui,
790 1133 859 1197 data
874 1134 902 1198 ei
919 1133 1058 1214 pecunia,
1074 1135 1203 1198 recessit
1233 1134 1341 1198 Vetula

216 1242 257 1288 no
270 1228 383 1301 aulem,
395 1227 552 1305 assumpta
559 1222 692 1303 quadam
701 1223 870 1302 juvencula,
883 1223 966 1288 misit
976 1241 1044 1286 earn
1057 1223 1088 1286 in
1100 1223 1230 1287 domum
1243 1241 1340 1302 suam,

269 1313 396 1376 eivenit
409 1311 449 1376 ad
466 1311 626 1375 mulierem
638 1311 750 1374 dictam
766 1312 969 1392 coniugatam,
986 1316 1015 1375 et
1029 1310 1106 1375 dixit
1120 1312 1147 1375 ei
1164 1312 1250 1392 quasi
1268 1330 1338 1376 cum

270 1420 384 1481 magna
406 1400 623 1482 compassione
645 1399 733 1481 quod
755 1400 803 1465 vir
828 1419 905 1465 suus
936 1401 1116 1481 illaqueatus
1146 1405 1209 1464 erat
1235 1419 1341 1466 amore

270 1489 434 1570 cujusdam
463 1490 625 1570 iuvencule
655 1490 755 1554 vicine
781 1507 844 1567 sue,
875 1508 970 1570 quem
1001 1489 1118 1554 viderat
1148 1508 1220 1554 cum
1250 1491 1339 1554 eain

270 1579 369 1643 domo
393 1579 564 1658 conjuncta,
595 1579 787 1660 prospiciens
814 1595 869 1660 per
896 1580 1054 1661 parietem:
1085 1578 1223 1642 audierat
1244 1580 1339 1643 eciam

216 1686 257 1732 cu
271 1668 361 1748 quod
383 1667 565 1732 sollicitabat
585 1686 662 1745 eam,
694 1673 723 1732 et
748 1667 810 1748 iam
834 1668 862 1732 ei
891 1669 1072 1750 promiserat
1093 1668 1237 1745 tunicam,
1268 1669 1341 1749 quia

151 1772 153 1777 ’
269 1759 298 1821 ei
321 1775 357 1821 se
378 1762 569 1839 exposuerat,
591 1756 632 1820 de
654 1775 843 1837 quocunque
866 1775 971 1838 panno
986 1757 1083 1837 vellet,
1106 1763 1136 1821 et
1158 1757 1225 1838 ipsa
1247 1756 1340 1822 debe·

271 1848 323 1910 bat
346 1847 453 1910 venire
480 1846 519 1909 ad
550 1846 617 1926 eius
646 1846 863 1927 operatorium,
895 1850 929 1909 ut
958 1846 1083 1926 eligeret
1111 1846 1170 1910 sibi
1202 1864 1340 1928 pannum

269 1936 358 2016 quod
382 1935 480 2013 vellet,
511 1936 584 2016 quia
606 1938 756 1999 mercator
778 1940 849 1999 erat
896 1935 978 2000 Cum
1001 1941 1102 2000 autern
1126 1935 1240 1999 diceret
1262 1936 1342 2000 dicta

270 2043 353 2089 uxor
375 2025 463 2105 quod
493 2025 554 2088 hoc
581 2043 741 2104 nunquam
770 2023 913 2101 crederet,
943 2025 1017 2105 quia
1039 2025 1087 2087 vir
1115 2042 1192 2089 suus
1223 2026 1341 2106 probus

217 2131 258 2176 cao
273 2115 371 2179 homo
395 2118 466 2190 erat,
494 2114 546 2176 ait:
580 2114 673 2179 „Non
697 2112 825 2177 credatis
848 2113 907 2177 nisi
935 2113 993 2177 lrec
1019 2113 1152 2194 insignia
1174 2113 1338 2178 videritis.u

271 2204 347 2266 ltem
370 2202 479 2266 eadem
502 2202 603 2266 vetula
625 2202 679 2265 ivit
700 2201 739 2265 ad
763 2201 878 2266 dictum
902 2201 1012 2281 virum,
1036 2201 1141 2266 dicens
1164 2203 1250 2283 quod
1274 2203 1341 2267 talis

270 2292 402 2356 clericus
425 2291 506 2355 illius
528 2292 661 2369 ecclesie,
692 2309 785 2372 quam
809 2291 910 2354 vetula
932 2291 1151 2372 frequentabat,
1181 2291 1248 2370 ejus
1270 2292 1342 2355 ada-

271 2381 376 2445 mabat
399 2399 536 2459 uxorem,
559 2385 596 2458 et,
619 2399 689 2443 cum
714 2380 780 2460 ipsa
802 2385 881 2444 esset
903 2380 1083 2444 abscondita
1105 2385 1185 2444 retro
1201 2380 1342 2462 colomp

270 2488 346 2534 narn
369 2470 402 2533 in
425 2470 577 2549 oracione,
599 2469 757 2533 audiverat
778 2487 833 2535 eos
848 2469 1068 2551 colloquentes,
1091 2474 1121 2534 et
1143 2469 1343 2535 condixerant

218 2577 258 2623 aas
271 2560 334 2624 sibi
357 2559 445 2640 quod
468 2560 535 2640 ipsa
561 2559 662 2622 virum
689 2577 782 2623 suum
812 2560 957 2640 spoliaret
979 2563 1101 2624 etcum
1125 2559 1208 2623 dicto
1231 2560 1342 2624 clerico

270 2649 436 2713 recederet
482 2649 578 2723 Quod
601 2666 672 2711 cum
696 2648 743 2711 vir
766 2649 861 2713 nollet
883 2648 1015 2727 credere,
1037 2650 1079 2712 ait
1101 2649 1213 2712 vetula:
1249 2650 1340 2715 „Non

270 2737 403 2801 credatis
425 2738 484 2801 nisi
506 2755 563 2801 eos
584 2755 650 2801 cras
672 2737 723 2800 tali
747 2738 824 2801 hora
839 2737 1051 2818 colloquentes
1066 2738 1211 2816 videritis,
1235 2738 1266 2800 in
1291 2738 1341 2801 tali

270 2829 344 2891 loco
379 2826 442 2904 ubi,
477 2832 511 2889 ut
539 2825 652 2903 audivi,
688 2825 802 2889 debent
831 2826 1025 2890 convenire.u
1073 2828 1162 2890 Tunc
1196 2826 1342 2891 recedens

271 2916 375 2981 vetula
411 2916 494 2979 misit
530 2915 725 2995 iuvenculam
763 2915 803 2979 ad
841 2916 1049 2997 operatorium
1088 2934 1159 2980 cum
1199 2914 1341 2993 denariis,

219 3023 259 3069 can
273 3006 363 3086 quasi
386 3004 425 3067 ad
449 3003 619 3068 videndum
644 3022 781 3087 pannum
797 3005 853 3085 qui
875 3005 935 3069 sibi
960 3005 1097 3087 placeret
1137 3006 1227 3071 Uxor
1240 3009 1342 3068 autem

271 3094 345 3158 dicti
369 3093 554 3171 mercatoris,
583 3093 693 3157 videns
720 3112 787 3157 eam
811 3094 1019 3175 operatorium
1047 3094 1105 3158 viri
1129 3095 1290 3157 intrantem
1314 3099 1344 3157 et

271 3187 444 3260 exeuntem,
459 3183 554 3264 cepit
575 3182 722 3263 suspicari
746 3183 833 3262 quod
856 3201 963 3247 verum
988 3188 1093 3264 posset
1114 3200 1181 3247 esse
1203 3181 1290 3263 quod
1314 3184 1342 3247 ei

271 3271 374 3335 vetula
396 3271 521 3350 dixerat,
552 3280 582 3335 et
608 3290 667 3353 pro
697 3271 819 3335 tristicia
846 3289 911 3335 non
942 3275 1060 3353 poterat
1090 3272 1262 3335 comedere.
1309 3274 1342 3335 ln

272 3379 353 3440 sero,
382 3361 463 3441 [vir],
492 3361 653 3424 advertens
677 3362 782 3425 uxoris
804 3360 969 3439 tristiciam,
1001 3361 1168 3425 mirabatur
1191 3366 1219 3424 et
1242 3362 1343 3442 suspi-

218 3467 259 3513 cao
273 3451 399 3515 cabatur
427 3450 515 3530 quod
546 3448 673 3529 aliquod
701 3453 780 3513 esset
807 3449 838 3512 in
866 3469 966 3514 causa.
1012 3450 1120 3515 Vetula
1142 3454 1242 3514 autem
1271 3468 1343 3531 pro-

272 3538 390 3603 curavit
411 3539 499 3619 quod
522 3539 651 3603 clericus
672 3538 713 3602 de
735 3557 800 3619 quo
823 3539 941 3603 dixerat
959 3540 1035 3617 viro,
1060 3540 1136 3603 hora
1150 3558 1212 3620 qua
1228 3538 1344 3602 dixerat

272 3632 302 3692 et
324 3629 405 3706 loco,
428 3646 499 3691 cum
522 3628 601 3691 dicta
617 3632 756 3691 matrona
771 3633 817 3692 est
832 3629 971 3709 loqutus;
994 3628 1062 3693 viro
1086 3629 1147 3693 hoc
1169 3627 1344 3691 advertente

154 3713 155 3784 l
272 3722 303 3781 et
330 3721 471 3795 notante,
501 3717 584 3780 venit
612 3717 651 3780 ad
681 3717 857 3796 mulierem,
891 3736 952 3797 que
982 3717 1078 3782 eciam
1109 3717 1227 3783 viderat
1255 3715 1342 3797 quod

271 3806 437 3887 juvencula
464 3823 600 3888 pannum
624 3825 717 3886 quem
740 3810 810 3869 ante
832 3805 950 3870 viderat
964 3805 1176 3888 deportaverat
1196 3809 1342 3885 emptum,

154 3897 155 3934 l
220 3900 303 3959 eruet
324 3896 366 3959 ait
389 3895 430 3959 ei:
464 3895 629 3973 „Domina
660 3900 740 3958 certa
769 3895 834 3958 sitis
862 3896 948 3975 quod
979 3896 1027 3958 vir
1056 3898 1155 3958 vester
1187 3897 1342 3973 peceatum

271 3986 333 4067 jam
369 3983 565 4066 perpetravit,
597 3988 627 4047 et
657 4003 713 4066 pre
742 4002 849 4048 amore
879 3984 962 4047 illius
995 3982 1158 4062 juvencule
1187 3980 1343 4061 affligitur,

273 4074 360 4156 quod
384 4074 456 4137 satis
479 4072 620 4154 potuistis
641 4073 808 4137 advertisse
831 4092 868 4137 ex
885 4072 1019 4136 mesticia
1035 4072 1101 4152 eius
1123 4071 1163 4134 ad
1186 4086 1244 4133 vos
1251 4090 1258 4147 ;
1280 4068 1342 4148 iarn

274 4180 413 4245 pannum
445 4161 624 4243 deportavit,
654 4166 684 4225 et
712 4163 814 4226 virum
846 4166 980 4225 vestrum
1012 4159 1162 4237 amisistis,
1195 4158 1253 4221 nisi
1283 4158 1344 4222 cito

274 4252 468 4317 occurratis!
516 4252 605 4314 Tunc
628 4251 679 4313 illa
701 4250 834 4330 quesivit
855 4248 1020 4330 quomodo
1044 4252 1147 4329 posset
1170 4264 1343 4325 occurrere;
