3525 5025
653 444 897 497 -121-

600 632 676 711 Cap.
702 635 739 696 57
773 633 833 711 (Bl.
858 632 951 711 22r.).

550 734 594 790 De
611 749 675 804 rege
693 737 847 805 serpentem
867 733 1001 789 soluente.

345 862 459 941 Legitur
473 862 510 925 de
526 863 662 943 quodam
680 863 872 943 imperatore,
893 863 980 942 quia
996 880 1066 925 casu
1083 880 1138 943 per
1153 862 1307 942 quandam

260 950 364 1012 siluam
393 952 507 1030 transiit,
541 953 660 1014 inuenit
688 957 861 1033 serpentem
886 971 903 1014 a
932 952 1106 1033 pastoribus
1136 956 1257 1032 captum
1281 956 1310 1015 et

261 1039 295 1100 ad
317 1040 449 1102 arborem
472 1041 637 1120 alligatum.
668 1041 732 1115 Qui
757 1041 865 1121 pietate
889 1046 992 1104 motus
1015 1059 1086 1103 eum
1110 1040 1203 1103 soluit
1226 1045 1254 1103 et
1277 1042 1308 1103 in

216 1127 324 1189 ffisinu
348 1130 497 1192 calefacere
520 1131 598 1193 fecit.
637 1130 719 1193 Cum
737 1134 815 1193 esset
830 1128 997 1207 calefactus,
1023 1128 1135 1211 incepit
1158 1130 1308 1193 mordere.

259 1217 304 1277 hit
318 1218 483 1297 imperator:
510 1219 617 1293 „Quid
634 1220 730 1282 facis?
761 1218 827 1282 Cur
843 1220 957 1281 malum
975 1236 1033 1299 pro
1049 1219 1136 1283 bono
1160 1218 1305 1282 reddis?¹¹

258 1305 303 1367 hit
323 1324 451 1387 serpens:
485 1307 602 1382 „Quod
631 1312 738 1371 natura
761 1307 853 1386 dedit,
885 1326 978 1371 nemo
1003 1308 1062 1387 (Βί.
1088 1308 1177 1385 221¹.)
1202 1308 1308 1371 tollere

258 1399 357 1472 potest.
412 1399 445 1459 Et
482 1397 553 1459 ideo
593 1397 764 1460 secundum
804 1401 942 1460 naturam
982 1396 1088 1460 facio«
1153 1395 1216 1472 Qui
1255 1398 1307 1460 ait:

262 1484 392 1546 „Bonum
419 1487 472 1549 tibi
504 1486 571 1562 feci,
603 1491 632 1549 et
660 1486 735 1548 illud
767 1486 859 1549 michi
894 1486 971 1549 male
1002 1486 1127 1549 soluist
1177 1486 1237 1550 Illis
1264 1486 1309 1549 sic

215 1568 498 1639 21⁰contendentibus
528 1580 654 1639 vocatus
685 1580 729 1639 est
764 1575 891 1656 quidam
923 1575 1137 1656 philosophus,
1169 1578 1200 1637 vt
1231 1580 1308 1639 esset

258 1660 348 1739 iudex,
377 1670 403 1726 et
422 1666 449 1727 ei
478 1669 576 1728 totum
608 1682 786 1745 processum
819 1665 962 1727 narrauit.
1008 1663 1059 1726 nit
1089 1664 1307 1745 philosophus:

259 1750 321 1812 „De
343 1753 394 1816 hac
414 1773 505 1817 causa
536 1773 592 1835 per
613 1754 752 1816 auditum
777 1754 889 1832 ignoro
914 1753 1056 1829 iudicare,
1087 1754 1141 1816 sed
1165 1755 1246 1831 volo,
1278 1760 1308 1817 vt

256 1856 371 1918 serpens
395 1843 504 1923 ligetur
526 1846 558 1905 vt
585 1844 679 1924 prius,
710 1848 739 1905 et
761 1847 833 1906 tunc
865 1843 1013 1906 iudicium
1046 1842 1156 1906 dabot
1207 1843 1242 1905 Et
1265 1842 1308 1907 sic

257 1926 357 1991 tactum
393 1937 443 1995 est.
497 1934 586 1995 Tune
623 1932 665 1994 ait
701 1932 920 2012 philosophus:
963 1931 1115 2011 „Serpens
1148 1932 1174 1994 si
1210 1936 1308 2013 potest

215 2010 381 2099 deradere,
409 2021 558 2085 discedat!
610 2022 646 2083 Et
675 2026 716 2099 tu,
752 2022 924 2101 imperator,
959 2020 1023 2083 noli
1055 2020 1188 2101 amplius
1222 2020 1307 2085 labo·

256 2115 377 2258 dffifttw
396 2114 567 2191 serpentem
592 2110 703 2187 soluas,
734 2111 806 2190 quia
830 2128 954 2190 semper
980 2109 1055 2187 tacit,
1087 2109 1173 2189 quod
1202 2114 1307 2173 natura

309 2216 317 2257 1
335 2214 360 2259 ,a

605 2341 680 2421 Cap.
707 2346 745 2403 63
773 2342 832 2422 (Βί.
857 2342 940 2421 251.)

460 2444 505 2499 De
524 2443 613 2500 diuite
631 2447 657 2499 et
675 2460 763 2517 puero
782 2460 831 2515 per
849 2444 942 2500 oleum
962 2443 1086 2514 decepto.

331 2573 462 2648 Quidam
495 2574 592 2637 homo
616 2578 685 2652 erat,
717 2575 770 2654 qui
800 2574 925 2637 unicum
954 2573 1054 2636 filium
1087 2573 1225 2651 habebat,
1257 2573 1305 2636 cui

256 2665 314 2735 post
334 2667 461 2727 mortem
486 2663 578 2726 nichil
603 2666 703 2744 preter
717 2664 846 2727 domum
864 2663 987 2726 dimisit.
1023 2662 1173 2736 Quicum
1191 2681 1305 2743 magno

217 2745 346 2814 &illabore
367 2753 448 2830 vixit,
480 2753 652 2815 intantum
681 2754 767 2833 quod
792 2753 842 2815 vix
874 2753 1060 2815 neccessaria
1083 2751 1246 2833 optinebat‚
1278 2758 1307 2815 et

256 2843 382 2913 quamuis
405 2860 518 2921 magna
533 2846 655 2905 coactus
672 2842 781 2920 inedia,
805 2847 905 2904 tamen
922 2841 1052 2904 domum
1069 2859 1156 2904 suam
1173 2841 1306 2904 vendere

255 2927 370 2994 nolebat.
418 2932 500 2994 Puer
531 2931 587 2994 iste
618 2931 749 2994 habebat
782 2931 918 2994 uicinum
953 2930 1081 2994 diuitem
1117 2930 1216 3009 nimis,
1252 2931 1304 3011 qui

255 3012 367 3082 domum
397 3022 472 3098 eius,
503 3025 535 3083 vt
561 3038 648 3083 suam
680 3021 792 3083 faceret
821 3021 994 3101 largiorem,
1025 3020 1167 3100 cupiebat
1195 3039 1305 3083 emere.

255 3100 303 3165 Sed
335 3129 411 3189 puer
445 3129 502 3173 nec
536 3128 626 3191 prece
660 3129 717 3172 nec
751 3111 854 3191 precio
888 3109 1021 3172 vendere
1053 3109 1182 3172 volebat.
1229 3109 1304 3183 Quo

177 3196 178 3285 ζ
217 3198 395 3277 hcompeno
434 3200 524 3262 diues
561 3199 713 3278 cogitabat
754 3200 885 3263 domum
924 3217 942 3261 a
980 3217 1078 3280 puero
1116 3199 1302 3266 subtrahere.

177 3290 178 3305 ¹
255 3279 353 3366 lncepit
374 3307 445 3352 eum
470 3307 508 3352 eo
531 3289 763 3351 familiaritatem
788 3289 909 3351 habere.
948 3287 1008 3351 Sed
1032 3307 1110 3368 puer
1133 3288 1303 3352 secundum

254 3387 331 3446 pose
358 3396 451 3440 suum
482 3378 548 3440 eius
578 3377 809 3441 familiaritatem
841 3378 1003 3441 deuitabat.
1057 3377 1201 3458 Denique
1231 3396 1304 3441 con-

254 3460 368 3530 tristatus
391 3467 488 3542 diues,
520 3468 660 3547 quinon
692 3468 792 3548 potuit
823 3485 953 3548 puerum
986 3467 1135 3548 decipere,
1167 3466 1303 3546 quodam

254 3547 294 3611 die
313 3556 348 3616 ad
372 3575 444 3619 eum
467 3557 550 3619 venit
565 3561 595 3618 et
612 3557 665 3618 ait:
692 3557 743 3621 „0
759 3575 845 3638 puer,
868 3556 1052 3619 acommoda
1068 3557 1160 3620 michi
1177 3574 1303 3637 paruam

218 3642 352 3712 impanent
377 3646 461 3707 curie
484 3650 534 3707 tue
558 3646 669 3725 precib,
694 3647 766 3731 quia
790 3647 821 3708 in
842 3647 922 3712 eaX
945 3647 1077 3709 tonellos
1100 3646 1170 3709 oleo
1194 3645 1304 3725 plenos

254 3734 389 3797 custodire
412 3734 501 3798 uolo!
550 3735 585 3797 Et
608 3736 701 3797 nichil
725 3736 779 3798 tibi
804 3737 967 3813 nocebunt,
996 3735 1050 3798 sed
1080 3734 1208 3798 habebis
1232 3734 1304 3796 inde

255 3814 352 3896 aliquid
368 3824 607 3888 sustentaculum
623 3825 711 3887 vite.u
743 3825 824 3888 Puer
838 3829 949 3901 autem,
966 3825 1157 3888 neccessitate
1173 3827 1302 3900 coactus,

254 3914 385 3976 concessit
407 3917 437 3976 et
463 3913 548 3976 dedit
571 3914 598 3976 ei
622 3915 723 3977 claues
738 3915 830 3978 curie.
867 3915 948 3977 Puer
963 3933 1037 3977 vero
1054 3914 1172 3976 interim
1189 3913 1302 3975 victum

257 3999 379 4066 manibus
402 4003 567 4082 acquisiuit
590 4021 676 4066 more
699 4004 799 4066 solito.
838 4004 878 4066 nt
901 4003 990 4066 diues
1012 4003 1141 4082 acceptis
1164 4001 1303 4064 clauibus

220 4087 327 4158 25illuri
348 4093 463 4155 curiam
495 4092 668 4155 suffodiens
691 4094 718 4157 V
741 4093 873 4156 tonellos
896 4093 967 4154 oleo
991 4093 1100 4171 plenos
1131 4089 1172 4152 ibi
1197 4107 1303 4152 recon-

257 4169 318 4239 didit
343 4186 372 4244 et
394 4182 421 4245 V
445 4181 603 4244 dimidios.
651 4182 721 4245 l·loe
750 4182 830 4244 facto
861 4198 993 4261 puerum
1024 4178 1188 4243 aduocauit
1217 4182 1245 4239 et
1275 4177 1302 4238 ei
