3525 5025
652 534 872 593 ..99-

245 706 281 783 Si,
309 707 408 786 inquit,
439 726 458 770 o
483 726 543 785 rex,
576 725 667 771 nosse
696 708 791 787 cupis,
822 708 893 788 quis
923 707 990 786 hoc,
1021 712 1092 772 tuus
1122 713 1224 772 custos
1256 726 1295 771 an

201 812 224 857 n
246 796 322 873 alius,
342 797 442 876 egerit,
466 797 539 859 iube
562 796 739 859 fasciculum
764 797 859 860 herbe
881 796 988 860 viridis
1011 796 1042 859 in
1066 798 1173 860 turrim
1191 798 1294 860 inferri

245 886 427 965 supponique
450 886 565 965 ignem.
610 886 657 948 Tu
680 889 781 948 autern
809 891 909 949 serato
937 886 1016 949 ostio
1047 886 1154 950 turrim
1186 887 1294 950 iterum
1352 926 1355 935 -

245 977 323 1052 atque
349 974 457 1037 itemm
485 974 628 1052 circueas,
660 974 895 1051 considerando
925 975 951 1038 si
980 993 1035 1055 per
1056 975 1190 1055 aliquam
1216 976 1295 1039 muri

246 1062 373 1125 rimulam
395 1063 552 1126 fummum
576 1062 680 1143 egredi
704 1063 825 1127 videris.
865 1065 936 1127 Hoc
951 1064 1038 1141 fact0,
1061 1064 1100 1127 ad
1117 1083 1168 1128 me
1190 1064 1296 1129 redeas

245 1152 393 1214 consilium
415 1158 603 1232 accepturus,
627 1151 703 1232 quid
727 1157 797 1233 post
812 1153 868 1216 hec
890 1153 944 1215 tibi
968 1152 1123 1233 agendum
1147 1153 1194 1217 sit.
1233 1153 1296 1223 Rex

203 1245 333 1303 sautem
355 1242 469 1305 dictum
492 1242 575 1305 senis
597 1241 771 1305 festinanter
792 1242 912 1323 impleri
928 1241 1039 1306 iubens
1054 1242 1161 1306 clausit
1183 1242 1295 1307 ostium

246 1333 271 1390 et
296 1331 369 1411 cepit
396 1331 502 1394 tacitus
532 1330 624 1394 turris
653 1331 802 1394 ambitum
833 1332 971 1395 circuire.
1020 1332 1095 1396 Ecce
1125 1336 1226 1395 autem
1258 1350 1295 1395 ex

245 1418 332 1481 calore
353 1419 433 1499 ignis
452 1419 621 1500 viridisque
637 1420 760 1483 materie
776 1420 908 1484 humore
923 1421 1028 1485 furnus
1043 1422 1187 1484 excitatus
1203 1424 1295 1484 totam

245 1509 390 1586 usquead
413 1508 598 1572 testudinem
626 1508 752 1588 replevit
779 1509 896 1587 turrim,
927 1510 981 1589 qui
1005 1509 1081 1573 dum
1104 1509 1178 1573 alias
1201 1510 1295 1590 spira-

246 1597 336 1659 culum
359 1616 421 1661 non
446 1597 578 1675 haberet,
609 1616 665 1677 per
692 1598 793 1661 locum
821 1593 925 1678 [151⁶]
950 1598 1110 1663 foraminis
1138 1598 1227 1677 illius,
1259 1615 1296 1662 eo

205 1686 320 1763 nquod
342 1687 442 1767 lapide
471 1691 587 1749 tantum
611 1687 678 1750 sine
700 1692 841 1751 cemento
864 1687 1053 1751 obstructum
1078 1688 1183 1763 fuerat,
1211 1705 1296 1769 egre-

246 1774 323 1838 ditur.
367 1776 463 1850 Quod
494 1776 616 1839 intuens
646 1794 699 1838 rex
729 1775 857 1839 festinus
888 1776 971 1840 venit
1001 1776 1041 1839 ad
1073 1794 1187 1853 senem,
1220 1775 1296 1856 quid

246 1864 339 1927 viderit
365 1865 542 1928 manifestat
587 1863 726 1928 Audiens
757 1865 816 1929 lroc
844 1883 951 1929 senex:
983 1865 1074 1942 Scias,
1106 1866 1154 1944 ait,
1185 1883 1205 1930 o
1235 1884 1297 1944 rex,

246 1951 316 2016 fures
337 1954 389 2017 tibi
413 1959 484 2018 tuos
511 1972 566 2035 per
589 1953 701 2030 locum,
732 1954 785 2017 ubi
816 1954 923 2017 fumus
952 1954 1107 2035 egreditur
1135 1955 1296 2018 abstulisse

246 2040 400 2121 thesauros,
440 2060 520 2122 quos
554 2042 612 2105 nisi
646 2043 749 2122 aliqua
782 2046 845 2105 arte
878 2043 993 2124 capias,
1026 2043 1112 2123 quod
1147 2048 1296 2125 superest,

208 2132 438 2209 nasportabunt.
483 2132 556 2194 Non
588 2132 670 2195 enim
702 2133 874 2211 cessabunt,
907 2133 1022 2213 quippe
1053 2132 1167 2213 quibus
1197 2132 1298 2197 adhuc

247 2237 377 2301 prospere
411 2221 500 2284 cessit
535 2238 597 2298 res,
632 2220 733 2285 donec
767 2225 864 2284 totum
899 2222 1075 2285 thesaurum
1111 2221 1297 2285 exhauriant

248 2303 307 2371 lieo
332 2310 425 2391 igitur
448 2315 547 2373 uteres
576 2309 716 2387 consilio,
747 2309 918 2390 dampnum
949 2309 1108 2373 dissimula
1136 2315 1165 2374 et
1192 2329 1297 2392 preme

246 2396 359 2477 silentio,
384 2418 423 2462 ne
447 2417 572 2462 rumore
596 2399 656 2462 hoc
678 2416 733 2479 per
754 2416 844 2462 aures
867 2400 975 2481 populi
999 2400 1187 2463 discurrente
1209 2404 1296 2462 tuum

246 2484 352 2552 furibus
374 2488 511 2552 studium
536 2488 711 2566 innotescat
741 2492 771 2552 et
792 2492 825 2551 tu
849 2488 970 2552 interim
999 2506 1132 2570 cuppam
1157 2488 1246 2552 latam
1270 2494 1299 2552 et

208 2578 417 2654 nprofundam
446 2579 553 2641 calenti
578 2578 672 2659 imple
702 2577 861 2656 bitumine,
892 2578 1000 2656 resina,
1031 2578 1098 2658 pice
1121 2582 1150 2642 et
1172 2578 1297 2658 glutine,

247 2682 324 2743 quam
348 2667 492 2731 foramini
516 2667 666 2731 introrsus
690 2684 839 2747 opponas,
868 2675 902 2730 ut
924 2666 999 2730 dum
1023 2667 1074 2729 lur
1097 2685 1183 2730 more
1206 2667 1298 2731 solito

247 2770 357 2819 secums
373 2756 489 2819 nullam
501 2755 714 2836 deceptionem
729 2757 891 2837 suspicans
902 2755 942 2818 ad
953 2760 1108 2820 assuetum
1121 2757 1297 2818 thesaurum

247 2847 398 2924 recurrerit,
423 2850 545 2925 repente
561 2846 593 2907 in
610 2863 743 2926 cuppam
759 2849 889 2923 corruat
913 2849 1080 2926 captusque
1095 2849 1125 2908 et
1140 2844 1299 2924 colligatus

247 2932 347 3008 glutine
369 2953 403 2998 se
425 2935 480 2998 tibi
496 2935 567 2998 velit
584 2934 661 2998 nolit
675 2934 707 2995 in
728 2935 893 2997 crastinum
911 2933 1088 2998 manifestet.
1122 2933 1300 2996 Admiratur

210 3032 229 3076 u
248 3038 290 3082 rex
302 3028 431 3087 astutum
448 3024 531 3087 senis
546 3023 718 3100 consilium,
743 3041 875 3104 cuppam
897 3023 979 3087 illico
994 3023 1121 3086 ferventi
1138 3022 1299 3103 impletans

247 3110 348 3187 glutine
381 3112 515 3193 opponit
546 3111 691 3176 foramini
721 3115 885 3192 seratoque
915 3113 994 3175 ostio
1025 3111 1169 3175 abscedit
1224 3111 1299 3174 Ecce

247 3204 332 3262 autem
362 3202 460 3265 fatalis
498 3202 549 3264 illa
582 3201 662 3279 dies,
700 3220 762 3281 que
796 3201 951 3264 neminem
987 3202 1105 3265 bonum
1145 3201 1299 3264 malumve

248 3291 361 3368 preterit,
385 3291 541 3367 miserum,
566 3295 680 3371 patrem
701 3309 771 3354 cum
796 3290 862 3354 filio
886 3289 992 3354 eadem
1017 3295 1106 3354 nocte
1128 3288 1167 3352 ad
1190 3290 1298 3352 turrim

247 3377 365 3457 adduxit,
389 3384 572 3460 remotoque
594 3398 613 3442 a
635 3378 787 3444 foramine
806 3379 907 3461 lapide
923 3380 1012 3442 intrat
1027 3384 1118 3460 pater,
1143 3379 1236 3442 nichil
1260 3378 1299 3442 de

211 3471 378 3542 upretensis
410 3469 526 3549 laqueis
555 3469 735 3549 suspicatus,
769 3468 909 3549 dumque
940 3468 1067 3546 festinat,
1101 3473 1136 3531 ut
1166 3468 1240 3547 heri,
1272 3473 1301 3532 et

249 3556 474 3622 nudiustertius
498 3558 529 3620 in
554 3559 763 3639 pavimentum
780 3559 877 3636 salire,
902 3558 1041 3621 incautus
1065 3557 1157 3621 miser
1180 3561 1213 3619 ut
1237 3561 1299 3621 erat

248 3647 355 3710 vestitus
377 3647 620 3728 calti)ciatusque
642 3666 773 3728 cuppam
798 3650 992 3710 mentotenus
1015 3647 1116 3724 insilit,
1138 3647 1300 3726 statimque

248 3734 358 3799 uallatus
380 3737 498 3817 glutine
522 3736 661 3800 redditur
683 3736 859 3814 immobilis,
891 3735 930 3798 ita
958 3740 992 3798 ut
1014 3753 1070 3798 nec
1093 3752 1219 3798 manum
1244 3754 1301 3799 nec

248 3823 343 3897 pedem
376 3827 425 3889 vel
460 3825 587 3906 aliquod
622 3825 833 3887 membrorum
873 3843 999 3888 movere
1037 3829 1140 3906 posset
1171 3825 1300 3904 'excepta

212 3908 346 3993 ulingua,
368 3935 430 3996 que
445 3920 562 3979 tantum
586 3914 626 3977 ab
649 3914 706 3976 hac
728 3913 840 3977 iniuria
863 3914 959 3977 libera
981 3918 1173 3976 remanserat.
1213 3915 1299 3993 lnge-

250 4000 364 4067 miscens
386 4004 480 4084 igitur
501 4003 605 4067 infelix
628 4003 727 4065 lilium
744 4002 880 4082 advocat,
905 4003 1039 4066 insinuat
1053 4002 1168 4083 quibus
1185 4003 1301 4082 laqueis

250 4089 368 4155 teneatur
389 4094 535 4171 astrictus,
565 4097 639 4171 orat,
671 4097 704 4154 ut
726 4093 754 4154 ei
778 4093 837 4155 cito
864 4097 1027 4172 antequam
1060 4091 1171 4170 aliquis
1194 4109 1300 4171 super-

250 4179 342 4258 veniat,
364 4187 455 4263 caput
476 4185 612 4263 amputet
626 4186 655 4245 et
669 4180 819 4259 abscedat,
846 4181 948 4260 [152³]
974 4199 1013 4242 ne
1035 4180 1113 4243 forte
1137 4197 1191 4260 per
1211 4183 1302 4258 caput

252 4269 375 4346 cognitus
397 4277 531 4336 eternam
559 4289 619 4334 suo
649 4270 754 4350 generi
783 4270 933 4332 maculam
965 4268 1073 4330 inferat
1095 4271 1124 4329 et
1147 4267 1300 4330 iacturam.

1141 4385 1176 4437 7.
