3525 5025
805 517 1050 572 -202-

394 685 562 763 orandum;
594 683 634 748 de
662 701 825 766 quocum
857 685 971 751 diceret
999 688 1105 768 regina
1134 687 1213 752 Saba
1242 689 1332 769 quod
1364 691 1398 753 in
1430 709 1470 756 eo

394 773 635 856 suspenderetur
662 792 716 838 rex
743 775 910 856 Jerusalem
943 775 1004 840 sub
1038 795 1100 856 quo
1131 794 1260 858 regnum
1290 778 1468 859 iudeorum

331 862 539 928 amodeiiceret
561 863 592 926 in
616 863 683 943 eius
706 869 813 942 morte,
839 864 1001 929 abscondit
1023 865 1108 944 illud,
1132 870 1165 930 ut
1187 867 1218 930 in
1242 872 1322 931 terra
1346 873 1470 950 putres

394 957 475 1016 ceret
496 953 644 1034 sepultus
689 953 828 1032 Etcum,
858 953 891 1016 in
915 954 985 1018 ioco
1013 954 1160 1034 obierat,
1190 956 1277 1019 tieret
1302 957 1469 1022 Probatica

395 1041 520 1122 piscina,
549 1041 772 1123 superenatavit
799 1046 940 1124 tempore
963 1043 1131 1122 Passionis;
1162 1044 1247 1124 quod
1273 1045 1469 1111 invenientes

391 1129 490 1210 judei,
519 1147 615 1212 super
637 1129 785 1195 humeros
809 1131 939 1195 Domini
963 1132 1189 1214 imposuerunt,
1219 1152 1285 1214 quo
1308 1135 1468 1215 baiulante

394 1236 475 1296 eum,
508 1237 579 1300 pars
600 1219 699 1284 crucis
720 1219 760 1284 de
783 1237 822 1283 eo
844 1221 921 1284 iactr
944 1225 995 1299 est,
1027 1221 1058 1284 in
1082 1221 1175 1285 aitum
1199 1227 1306 1287 erecta.
1356 1223 1468 1302 Quod,

331 1307 420 1372 torosi
442 1326 550 1372 verum
574 1312 627 1386 est
650 1308 891 1390 pulcherrimum
915 1314 967 1374 est.

767 1495 820 1551 42.
860 1487 915 1568 1=
939 1487 971 1552 s.
995 1487 1079 1568 ma]

484 1609 556 1674 item
591 1610 631 1675 de
664 1610 798 1692 quadam
832 1612 892 1675 aiia
925 1611 1029 1675 audivi
1066 1611 1192 1692 [quod],
1227 1631 1298 1677 cum
1333 1615 1466 1695 quidam

394 1697 552 1779 impeteret
577 1717 645 1763 eam
673 1718 729 1782 pro
758 1700 913 1783 promisso
942 1701 1055 1782 precio,
1086 1700 1201 1765 dimisit
1226 1719 1260 1766 se
1282 1719 1301 1766 a
1323 1703 1466 1784 quodam

393 1785 506 1866 juvene
528 1787 682 1853 deflorari.
716 1787 797 1853 Cum
822 1794 923 1852 autem
942 1795 1013 1871 post
1028 1789 1139 1854 tactum
1156 1795 1280 1871 negaret
1296 1792 1323 1856 ei
1339 1793 1467 1872 juvenis

394 1875 481 1956 quod
504 1877 694 1958 promiserat,
717 1877 768 1940 illa
784 1877 896 1943 obtuiit
910 1878 1076 1943 clamorem
1099 1879 1193 1958 judici
1209 1881 1295 1959 quod
1312 1881 1468 1947 violenter

331 1981 461 2028 rmoeam
486 1971 686 2047 oppresserat
729 1967 827 2046 Judex
854 1972 965 2046 autem,
997 1972 1126 2048 negante
1156 1986 1194 2031 eo
1225 1970 1311 2049 quod
1341 1970 1467 2036 fecisset

394 2072 429 2116 ea
452 2053 553 2132 invita,
582 2055 728 2134 judicavit
750 2057 837 2136 quod
867 2055 918 2121 die
947 2056 1098 2136 assignata
1128 2057 1252 2136 veniret,
1281 2058 1411 2124 daturus
1436 2062 1464 2124 ei

394 2143 550 2223 quandam
573 2162 726 2207 summam
751 2145 889 2225 pecunie,
919 2146 967 2208 vei
991 2163 1057 2208 eam
1081 2146 1229 2226 acciperet
1258 2147 1289 2209 in
1321 2164 1465 2213 uxorem.

390 2232 516 2312 Juvenis
545 2238 656 2312 autem,
691 2234 789 2314 magis
820 2235 937 2316 eligens
967 2233 1040 2297 dare
1071 2235 1241 2315 pecuniam,
1278 2237 1305 2298 ei
1329 2237 1465 2302 tradidit

394 2319 475 2385 Cum
499 2327 600 2385 autem
624 2321 676 2385 illa
698 2322 730 2385 in
752 2322 823 2387 sinu
846 2341 905 2388 suo
928 2323 1080 2404 posuisset
1094 2341 1162 2386 eam
1186 2328 1215 2387 et
1237 2325 1396 2404 recederet,
1422 2329 1467 2390 ait

330 2409 499 2490 rusiuveni
526 2410 620 2491 judex
643 2415 677 2474 ut
703 2412 759 2475 iret
787 2418 858 2494 post
880 2431 947 2475 eam
971 2416 1000 2474 et
1023 2412 1049 2474 ei
1072 2430 1140 2475 eam
1163 2413 1302 2492 auferret,
1332 2419 1361 2478 et
1382 2433 1464 2494 eam,

393 2499 418 2563 si
442 2505 554 2581 posset,
579 2505 782 2582 recuperaret;
806 2520 899 2582 quam
923 2505 987 2565 totu
1004 2505 1114 2565 conatu
1138 2521 1197 2566 suo
1221 2522 1285 2567 non
1309 2504 1411 2586 potuit
1434 2507 1464 2570 ei

392 2588 525 2654 auterre:
547 2589 626 2654 adeo
650 2608 683 2654 se
706 2590 850 2669 defendit,
874 2590 961 2671 quod
981 2591 1024 2653 nil
1040 2590 1135 2654 valuit
1155 2590 1269 2671 juveni,
1293 2592 1356 2671 sed,
1380 2596 1465 2660 male

393 2682 534 2742 tractatus
559 2679 600 2742 ab
623 2698 666 2758 ea,
697 2680 785 2743 rediit
812 2680 851 2743 ad
881 2680 1025 2760 judicem.
1068 2680 1174 2760 judex,
1205 2699 1273 2744 eam
1304 2700 1465 2762 revocans,

393 2766 463 2831 iecit
486 2768 646 2849 pecuniam
670 2769 728 2832 sibi
753 2768 849 2847 reddi,
878 2769 982 2849 juveni
1006 2768 1112 2833 dicens
1135 2769 1222 2850 quod
1251 2773 1370 2851 patebat
1391 2790 1462 2835 eam

329 2857 559 2935 intumentium,
594 2858 674 2938 quia,
710 2858 735 2921 si
766 2857 811 2921 sic
839 2862 987 2922 servasset
1013 2858 1193 2937 virginitatis
1222 2859 1398 2924 thesaurum
1428 2868 1465 2925 ut

393 2947 563 3026 pecuniam,
588 2964 747 3027 nunquam
771 2952 850 3010 esset
872 2947 900 3011 ei
923 2947 1067 3011 ablatum.

767 3150 817 3207 43.
858 3143 913 3224 [=
937 3143 967 3208 s.
993 3143 1077 3224 ms]
1115 3230 1117 3235 Ι
1176 3106 1178 3115 ’

482 3267 554 3330 item
585 3268 624 3331 ad
655 3269 716 3331 hoc
747 3267 836 3348 [tacit]
870 3268 957 3349 quod
992 3268 1103 3349 iegitur
1133 3269 1165 3331 in
1195 3270 1337 3349 cronicis,
1372 3271 1460 3350 quod

392 3355 471 3419 circa
500 3362 619 3437 raptum
645 3358 764 3421 Helene
788 3358 946 3421 Homerus
975 3363 1065 3439 poeta
1091 3357 1205 3437 floruit,
1237 3359 1300 3439 qui,
1332 3378 1401 3422 cum
1426 3359 1460 3423 in

393 3444 497 3508 habitu
528 3446 580 3508 vili
612 3446 702 3509 veliet
732 3448 843 3510 intrare
873 3447 958 3527 apud
980 3447 1115 3511 Athenas
1145 3447 1261 3511 curiam
1294 3448 1383 3528 regis,
1414 3454 1462 3513 est

328 3534 580 3614 touprohibitus;
615 3536 682 3616 qui,
717 3540 842 3616 sumpto
877 3536 1018 3617 precioso
1048 3537 1161 3614 habitu,
1196 3538 1295 3599 statim
1329 3537 1460 3616 intravit,

393 3623 565 3687 honorifice
588 3629 735 3706 receptus,
769 3624 818 3706 [et]
844 3625 977 3705 optinuit
999 3624 1147 3705 quicquid
1178 3625 1295 3707 petivit;
1326 3626 1388 3707 qui,
1417 3626 1459 3689 ad

392 3712 607 3777 contusionem
632 3714 714 3794 regis
736 3719 765 3777 et
786 3732 925 3791 suorum,
949 3720 1046 3778 vestes
1062 3715 1215 3795 preciosas
1238 3732 1341 3779 coram
1357 3715 1460 3779 omni-

394 3800 453 3865 bus
476 3802 566 3879 exuit,
589 3807 619 3864 et
641 3819 693 3865 eas
715 3802 879 3866 honoravit
901 3807 931 3867 et
952 3803 1096 3880 adoravit,
1120 3803 1236 3885 gracias
1258 3803 1303 3867 eis
1326 3803 1461 3869 referens

393 3890 431 3954 de
455 3891 589 3968 obtento,
614 3908 675 3970 que
698 3892 858 3955 voluerant
880 3892 964 3972 apud
989 3910 1091 3972 regem
1123 3892 1209 3972 quod
1237 3910 1301 3955 non
1324 3892 1461 3956 valuerat

327 4000 382 4047 imo
390 3979 543 4061 sapiencia
565 3983 617 4041 aut
639 3978 761 4042 bonitas
783 3980 930 4059 optinere.

842 4208 1004 4217 ..n—-
