3525 5025
736 477 980 534 -199-

322 644 432 710 videns
455 645 542 710 faber
563 651 706 710 truncum
728 646 885 727 jacentem,
914 648 1041 712 credens
1064 649 1151 729 quod
1175 653 1255 712 esset
1278 649 1389 730 [aptus]

322 734 428 799 incudi
459 753 519 799 suo
548 735 721 816 defigendo,
752 737 826 799 emit
852 755 932 813 eum,
964 743 1000 814 et,
1032 755 1103 801 cum
1134 737 1323 820 deportasset
1351 739 1390 802 ad

267 845 310 891 uo
323 825 455 888 domum
479 842 576 902 suam,
601 824 743 888 incudem
764 826 873 890 volens
896 826 1033 906 infigere,
1057 827 1173 891 invenit
1195 827 1277 892 intus
1300 846 1391 908 pecu·

324 913 407 976 niam
430 917 461 976 et
483 913 598 992 habuit,
622 932 694 979 ceco
717 933 772 995 pre
795 915 901 996 inopia
924 919 953 978 et
975 914 1085 979 dolore
1107 915 1277 980 deficiente.

704 1060 754 1121 ³5.
791 1057 900 1137 1=s
926 1058 1014 1139 aaa]

412 1181 494 1245 Cum
533 1181 661 1261 quidam
699 1182 857 1245 usurarius
892 1181 1148 1263 Bisumptlnensis
1182 1183 1214 1246 in
1248 1185 1391 1248 extremis

322 1270 418 1333 nollet
448 1270 547 1334 facere
575 1270 703 1350 aliquod
738 1275 949 1334 testamentum
981 1272 1029 1334 vel
1058 1272 1300 1353 eleemosynam,
1334 1273 1389 1336 sed

321 1359 428 1423 omnia
451 1358 617 1423 dimisisset
631 1360 662 1422 in
679 1359 888 1440 disposicione
910 1361 1017 1425 uxoris
1039 1378 1103 1438 sue,
1127 1379 1198 1424 cum
1222 1362 1288 1442 ipse
1311 1366 1390 1426 esset

264 1468 309 1514 915
322 1448 367 1512 sic
388 1453 538 1526 mortuus,
569 1466 649 1513 uxor
674 1467 738 1527 sua,
770 1449 879 1512 videns
910 1448 1065 1529 quendam
1098 1449 1257 1515 inimicum
1287 1469 1389 1528 suum,

321 1538 472 1601 contraxit
499 1556 570 1600 cum
594 1556 632 1602 eo
655 1537 715 1601 cito
746 1541 817 1617 post
845 1543 975 1602 mortem
999 1538 1055 1602 viri
1079 1539 1136 1602 sui.
1182 1539 1286 1614 Quam
1317 1557 1387 1603 cum

318 1632 461 1706 argueret
483 1626 616 1706 quedam
641 1624 741 1708 prob'a
763 1626 882 1704 muller,
914 1627 1019 1691 dicens
1042 1627 1128 1708 quod
1152 1628 1200 1692 vir
1226 1646 1302 1692 suus
1325 1633 1388 1691 erat

318 1715 422 1780 adhuc
436 1715 553 1779 calidus
573 1717 604 1778 in
621 1716 771 1796 sepulcro,
793 1716 964 1797 respondit:
992 1717 1043 1782 „si
1059 1716 1177 1781 calidus
1192 1721 1245 1796 est,
1267 1716 1389 1781 sufflate

319 1820 421 1868 eumd*
471 1806 537 1869 Hec
559 1808 631 1868 sunt
653 1805 849 1887 eleemosyne
871 1823 948 1885 quas
971 1805 1041 1870 fecit
1064 1825 1121 1887 pro
1144 1807 1247 1869 anima
1269 1806 1343 1886 ejus.

696 1953 748 2013 so.
790 1948 843 2028 [=
867 1949 898 2013 S.
923 1949 1007 2029 aar]

264 2090 306 2136 san
411 2071 548 2146 Quidam
577 2076 660 2136 tanto
691 2073 758 2136 zelo
790 2069 918 2136 uxorem
949 2090 1036 2136 suam
1067 2072 1266 2151 custodiebat,
1301 2072 1387 2154 quod

318 2179 444 2243 semper
465 2180 535 2224 cum
559 2179 594 2224 ea
618 2162 661 2224 ire
684 2161 819 2238 volebat;
843 2180 905 2242 que
921 2161 1077 2225 mandavit
1099 2162 1221 2226 temtori
1245 2162 1331 2243 quod
1355 2163 1386 2225 in

318 2251 417 2314 domo
441 2250 583 2330 quadam,
616 2256 780 2330 antequam
804 2255 868 2314 erat
897 2251 995 2314 lutum
1020 2255 1049 2313 et
1072 2251 1187 2332 planca,
1220 2255 1388 2333 expectaret

318 2358 386 2403 eam
411 2340 462 2402 die
484 2340 533 2402 tali
558 2343 587 2402 et
609 2341 693 2403 hora.
739 2339 821 2404 Cum
844 2343 947 2402 autem
971 2340 1022 2402 illa
1045 2339 1096 2403 die
1118 2344 1148 2402 et
1170 2341 1246 2403 hora
1270 2340 1325 2402 iret
1347 2338 1386 2402 ad

318 2429 485 2506 ecclesiam,
514 2447 548 2492 se
575 2428 691 2491 dimisit
713 2428 821 2492 cadere
851 2429 882 2491 in
907 2429 1022 2506 lutum;
1056 2447 1118 2510 que
1140 2445 1279 2508 surgens,
1311 2427 1388 2491 dixit

264 2519 389 2583 serviro
413 2519 500 2600 quod
524 2518 653 2582 domum
686 2518 767 2581 illam
796 2518 908 2583 intrare
939 2518 1061 2582 volebat
1089 2517 1128 2580 ad
1157 2517 1320 2581 lavandum
1345 2536 1386 2596 se,

317 2613 347 2671 el
369 2607 456 2688 quod
480 2611 612 2671 servaret
634 2608 773 2686 osticum,
798 2626 836 2671 ne
859 2607 971 2688 aliquis
992 2608 1115 2671 intraret
1129 2611 1292 2686 antequam
1309 2611 1388 2669 esset

318 2697 388 2774 lota,
412 2696 498 2777 quod
521 2697 605 2773 iecit;
634 2701 663 2759 et
685 2695 743 2773 illa,
767 2715 838 2760 cum
863 2696 917 2760 diu
941 2696 1047 2760 luisset
1070 2715 1141 2759 cum
1165 2696 1294 2759 lecatore
1316 2712 1384 2773 su0,

318 2786 412 2849 exivit
434 2786 532 2866 magis
556 2786 713 2865 inquinata
736 2804 829 2865 quam
853 2786 982 2850 intravit

693 2934 744 2990 37.
784 2928 838 3008 [=
862 2927 892 2992 S.
918 2927 1004 3008 ros]

409 3052 567 3122 Referebat
589 3053 681 3116 frater
704 3052 863 3117 Galfridus
887 3051 926 3115 de
950 3052 1072 3130 Blevex,
1102 3051 1155 3131 qui
1187 3068 1242 3131 per
1271 3051 1387 3115 multos

264 3159 420 3206 mannos
447 3146 565 3205 rexerat
594 3142 625 3205 in
657 3142 814 3221 theologia
836 3141 979 3219 Parisius,
1010 3142 1098 3222 quod
1129 3140 1256 3221 quidam
1289 3141 1385 3219 miles

317 3230 436 3294 habens
457 3235 628 3311 suspectam
652 3249 782 3295 uxorem
804 3248 902 3308 suam,
933 3229 1065 3310 singulis
1087 3230 1231 3293 noctibus
1254 3229 1384 3294 domum

317 3338 405 3383 suam
435 3320 585 3397 firmabat,
616 3320 731 3387 clavem
762 3320 947 3384 custodiens.
993 3318 1143 3383 Sacerdos
1172 3326 1283 3397 autem,
1314 3319 1385 3399 palo

317 3409 358 3472 de
380 3408 461 3472 vallo
482 3409 676 3472 artificialiter
699 3410 824 3487 elevato,
846 3408 886 3472 ad
903 3409 1061 3472 dominam
1079 3408 1229 3473 veniebat.
1271 3410 1384 3489 Lupus,

318 3498 457 3562 foramen
481 3498 649 3575 inveniens,
681 3502 751 3579 post
773 3498 963 3562 sacerdotem
988 3497 1173 3578 ingrediens,
1197 3515 1272 3561 oves
1293 3498 1385 3578 iugu-

264 3602 304 3649 au
319 3587 390 3650 lavit
412 3588 524 3667 plures.
565 3588 663 3666 Miles,
687 3588 718 3649 in
743 3605 833 3651 mane
856 3586 1028 3668 dampnum
1055 3585 1184 3649 audiens
1207 3590 1236 3649 et
1257 3586 1386 3666 vestigia

318 3676 381 3756 lupi
405 3694 546 3756 sequens,
577 3676 694 3740 invenit
716 3676 864 3755 foramen,
897 3681 926 3740 et
948 3676 1056 3739 dolum
1080 3679 1110 3738 et
1138 3674 1264 3754 vestigia
1287 3691 1384 3738 sacer-

317 3765 398 3829 dotis
420 3765 633 3846 deprehendit
673 3765 866 3843 Dissimulat;
890 3765 963 3829 dicit
985 3764 1074 3827 uxori
1097 3782 1153 3827 sue
1169 3764 1255 3844 quod
1277 3781 1385 3828 rumor

316 3859 439 3921 venerat
461 3855 489 3917 ei
517 3855 603 3935 quod
638 3873 694 3919 sua
726 3858 819 3917 mater
850 3855 882 3917 in
914 3854 983 3918 loeo
1014 3858 1134 3918 remoto
1168 3856 1318 3933 egrotaret
1344 3852 1383 3915 ad

318 3948 447 4007 mortem
453 3965 461 4021 ;
493 3944 581 4007 mittit
607 3962 675 4007 eam
699 3944 752 4023 ibi,
775 3944 897 4007 etfacit
920 3943 986 4008 fieri
1010 3943 1132 4007 foveam
1163 3941 1327 4004 maximam
1355 3946 1385 4005 et

265 4046 303 4094 uo
317 4032 505 4113 profundam
526 4033 611 4113 juxta
633 4034 791 4096 transitum
808 4033 887 4110 valli,
912 4033 997 4095 intra
1031 4032 1114 4096 Cum
1134 4036 1235 4094 autem
1257 4028 1386 4093 redisset

317 4121 451 4199 domina,
475 4122 581 4185 dicens
605 4127 730 4186 matrem
753 4140 859 4186 sanam
883 4122 1045 4199 invenisse,
1069 4121 1148 4184 lacto
1172 4137 1286 4199 magno
1309 4136 1384 4183 con-

315 4210 406 4290 vivio,
438 4211 492 4275 ivit
514 4211 602 4275 miles
623 4212 664 4274 ad
691 4211 811 4289 lectum,
842 4212 965 4291 fingens
987 4210 1204 4274 infirmitatem.
1249 4208 1384 4274 Veniens
