3525 5025
849 514 1068 569 ..14-

558 684 651 749 Αηηο
674 684 828 765 completo
851 683 932 747 cadit
954 682 986 745 in
1010 682 1130 746 loveam
1154 682 1248 764 lupus
1270 687 1366 757 atroru

602 772 718 837 Assunt
741 772 885 851 msticuli,
909 771 949 836 de
972 790 1046 836 nece
1068 774 1140 835 sunt
1162 772 1295 851 queruli.

503 880 544 929 sse
561 863 602 927 l·li
625 862 742 927 dicunt:
767 862 891 941 laquem
918 860 1059 941 quidam:
1082 860 1207 923 tlamma
1228 855 1434 942 perimendum

606 952 678 1016 Esse
701 952 809 1032 lupum
816 972 823 1029 ;
847 950 975 1015 tumulis
997 949 1029 1012 hi
1052 950 1204 1013 tumulare
1226 950 1343 1014 volunt.

560 1040 620 1105 llic
643 1040 723 1119 dicit,
747 1058 879 1121 poenam
904 1057 938 1103 se
961 1057 1053 1103 nosse
1076 1039 1175 1119 magis
1197 1040 1404 1111 truculentam,

606 1128 669 1204 Qui
694 1129 779 1210 petiit
800 1127 955 1209 duplicem
979 1144 1102 1208 semper
1125 1128 1202 1191 inire
1224 1128 1357 1191 thorum.

559 1217 710 1297 Consulit,
735 1222 767 1281 ut
791 1217 901 1281 muller
924 1217 1004 1281 mala
1026 1217 1134 1295 statim,
1158 1236 1237 1297 quae
1259 1218 1338 1281 solet
1358 1211 1438 1279 omni

504 1326 546 1373 aro
607 1307 691 1372 Dolo
714 1324 781 1371 esse
803 1306 903 1387 plena,
926 1325 985 1387 pro
1008 1324 1082 1370 nece
1105 1304 1194 1369 detur
1216 1305 1254 1369 ei.

561 1396 740 1477 Legitimam
764 1395 890 1459 dudam
914 1395 1057 1459 crucibus
1080 1395 1154 1459 lacis
1175 1395 1348 1475 graviorem

607 1486 679 1550 Esse
703 1485 804 1561 retert;
828 1483 940 1561 ‚medat
961 1484 1091 1563 quilibet
1114 1483 1168 1547 ista
1192 1484 1278 1546 milri.

562 1574 667 1639 Poena
690 1573 772 1637 necis
795 1574 908 1637 transit
956 1573 1040 1636 llaec
1062 1571 1158 1636 crude
1180 1590 1303 1654 semper
1325 1570 1423 1636 adurit

606 1662 672 1727 Cor
694 1662 815 1745 sponsi:
839 1662 947 1726 traude
970 1661 1107 1741 qualibet
1129 1661 1180 1725 illa
1203 1664 1309 1725 noeet‘.

507 1770 548 1817 ars
564 1752 731 1827 Quaeritur
755 1752 827 1815 inde
850 1751 951 1832 lupus,
977 1750 1003 1813 si
1027 1751 1135 1832 gliscat
1156 1752 1270 1814 ducere
1292 1765 1442 1832 sponsam,

609 1843 652 1906 Ut
674 1841 771 1922 possit
794 1840 885 1903 vitam
913 1840 1093 1903 continuare
1115 1858 1212 1903 suam.

563 1932 629 1993 Nec
652 1948 746 1993 mora.
795 1929 908 2010 Raptor
931 1929 976 1992 eis
998 1928 1093 1992 lertur
1116 1946 1264 2009 responsa
1287 1928 1405 1992 dedisse
1515 1930 1519 1938 '

608 2018 704 2082 Talia:
728 2036 761 2083 se
785 2017 868 2082 nolle
890 2018 1003 2081 ducere
1027 2017 1201 2098 legitimam.

564 2108 704 2171 Nexibus
727 2107 832 2171 uxoris
855 2106 971 2170 nullam
995 2110 1094 2169 servat
1116 2106 1339 2171 microcosmus

508 2214 549 2261 aso
610 2197 759 2277 Maiorem
784 2214 925 2278 poenam,
949 2195 1060 2259 credite
1085 2195 1241 2259 ruricolae.

564 2285 675 2349 Carius
698 2285 850 2365 insignem
875 2289 1006 2349 mortem
1030 2284 1114 2347 necis
1137 2284 1209 2348 volo
1233 2284 1320 2363 terre,

609 2373 713 2449 Quam
737 2392 826 2437 cruce
850 2377 996 2455 perpetua
1019 2391 1089 2436 cum
1114 2374 1241 2437 muliere
1265 2374 1317 2437 lui.

566 2464 692 2528 Femina
715 2482 808 2546 prava
831 2480 905 2527 nece
927 2463 992 2527 scio
1015 2463 1101 2542 quod
1127 2464 1351 2544 praeponderat
1372 2458 1464 2535 omni;

609 2555 696 2618 Mors
718 2553 824 2616 transit
845 2553 958 2630 subito,
981 2553 1096 2615 femina
1118 2553 1226 2616 crebro
1250 2558 1347 2617 nocet

510 2661 551 2708 aaa
567 2643 693 2707 Femina
716 2642 824 2705 lethale
847 2641 932 2704 virus
954 2641 1026 2704 serit
1047 2645 1139 2721 atque
1162 2642 1266 2722 plagas
1290 2647 1347 2721 net,

610 2733 692 2798 Cum
716 2732 831 2813 quibus
854 2731 948 2794 irretit
970 2729 1064 2794 corda
1088 2730 1174 2793 Paris
1196 2730 1309 2795 stolidi.

864 3031 898 3098 6.
934 3029 1067 3100 llnlbos.

446 3152 594 3209 (lateinische
607 3151 723 3204 Oedicbte,
739 3152 918 3209 berausgegeben
932 3165 977 3198 von
991 3153 1012 3209 J.
1027 3152 1115 3196 Orirnrn
1130 3153 1176 3196 und
1191 3152 1207 3196 1.
1221 3152 1248 3196 Α.
1263 3152 1384 3197 Scbmeller
1396 3164 1417 3208 p.
1431 3149 1484 3200 354.)

514 3264 619 3332 Rebus
642 3263 813 3344 conspectis
835 3265 929 3328 seculi
999 3282 1062 3328 non
1086 3265 1232 3328 satiantur
1255 3264 1349 3342 oculi;

513 3353 612 3416 Aures
635 3356 707 3415 sunt
731 3353 761 3414 in
787 3353 968 3417 hominibus
1035 3353 1150 3417 amicae
1174 3353 1368 3417 novitatibus.

513 3440 562 3505 Ad
587 3458 723 3504 mensam
749 3442 851 3521 magni
875 3442 1024 3524 principis
1091 3447 1137 3506 est
1159 3461 1267 3507 rumor
1291 3439 1487 3507 Uniusbovis.

516 3531 726 3594 Praesentatur
749 3533 782 3593 ut
805 3530 909 3594 tabula
976 3550 1031 3613 per
1054 3532 1148 3595 verba
1169 3532 1324 3611 iocularia.

479 3637 493 3684 e
518 3620 608 3684 Fiunt
630 3619 706 3683 cibis
730 3619 877 3696 convivia,
946 3620 1000 3684 sed
1025 3621 1128 3684 verbis
1151 3621 1299 3686 exercitia.

516 3710 549 3771 ln
574 3725 775 3789 personarum
799 3708 934 3772 dramate
1005 3711 1078 3774 Uno
1102 3714 1260 3774 cantemus
1282 3709 1321 3773 de
1344 3710 1434 3776 bove.

515 3798 602 3862 Natis
626 3801 713 3861 natus
737 3796 873 3860 ridiculis
941 3802 986 3861 est
1009 3799 1139 3862 rusticus
1166 3797 1205 3861 de
1229 3798 1355 3862 rusticis.

516 3887 632 3950 Natura
654 3886 724 3950 lecit
747 3885 915 3964 hominem,
983 3887 1037 3950 sed
1061 3887 1185 3951 fortuna
1209 3887 1389 3952 mirabilem.

516 3975 629 4040 Gravis
652 3975 703 4039 lati
727 3975 913 4040 commercio
981 3975 1077 4039 boves
1100 3977 1174 4040 emit
1197 3994 1314 4057 pauper
1336 3977 1446 4053 homo;

467 4081 493 4129 ιο
516 4064 581 4130 Sub
604 4065 753 4146 exemplis
775 4063 910 4146 agricola
976 4068 1084 4126 terram
1110 4064 1227 4128 laborat
1249 4065 1397 4130 scindere.

518 4156 650 4218 Eventus
674 4172 729 4235 per
752 4151 915 4217 horribiles
982 4169 1143 4232 nunquam
1167 4153 1251 4217 ducit
1273 4153 1354 4218 duos
1377 4155 1478 4229 boves,

517 4245 582 4307 Nec
605 4243 698 4307 simul
723 4243 834 4325 pungit
855 4238 980 4304 stimulo
1050 4257 1106 4301 nec
1130 4258 1195 4301 uno
1218 4242 1307 4317 ponit
1327 4243 1387 4306 sub
1410 4243 1489 4322 iugo.

1561 878 1563 959 l
