3525 5025
663 522 883 585 -45-

287 692 334 760 ltt.
358 694 512 765 lobannis
536 695 579 765 de
604 694 718 783 capua
741 694 962 765 lllrectorlurn
986 694 1277 764 vitaehumanae.

662 818 705 871 (en
719 817 885 873 Dmboural

645 1029 671 1084 r.
711 1020 764 1101 [=
788 1019 818 1084 s.
844 1018 907 1099 ss]

314 1172 318 1193 ι
336 1144 450 1209 Dicitur
470 1144 598 1225 quidem
616 1144 711 1208 luisse
726 1144 914 1221 heremitam,
937 1143 986 1207 cui
1003 1160 1056 1206 rex
1080 1142 1165 1206 dedit
1180 1143 1307 1224 pulchra

257 1233 418 1297 vestimenta
439 1238 470 1297 et
492 1234 697 1312 honorabilia;
720 1238 750 1296 et
771 1233 881 1297 videns
896 1232 947 1295 illa
969 1233 1046 1296 latro
1062 1232 1188 1314 quidam
1211 1250 1309 1313 appo

257 1322 310 1383 suit
329 1339 426 1386 curam
448 1322 544 1386 furari
569 1322 627 1400 illa,
650 1326 681 1385 et
702 1321 790 1385 nisus
811 1326 857 1386 est
880 1339 1009 1402 querere
1030 1325 1211 1401 argumenta
1230 1322 1309 1385 circa

258 1408 318 1474 hoc
356 1412 408 1475 lvit
421 1412 460 1476 ad
477 1412 655 1475 heremitam
671 1412 779 1475 dicens
792 1411 834 1475 ei:
858 1410 1009 1488 Obsecro,
1032 1414 1135 1473 sancte
1154 1409 1308 1486 heremita,

233 1499 352 1564 rnudus
375 1506 403 1563 et
429 1519 546 1583 pauper
576 1518 658 1578 sum;
688 1500 817 1563 audiens
843 1504 926 1563 tuam
956 1498 1141 1563 sanctitatem
1171 1499 1242 1562 veni
1269 1498 1310 1561 de

258 1592 326 1651 terra
346 1590 513 1671 longinqua
536 1593 570 1652 ut
591 1590 645 1653 tibi
670 1589 837 1653 ministrem
861 1593 968 1652 etate
990 1587 1111 1652 docear.
1149 1586 1209 1651 Cui
1233 1587 1311 1650 dixit

259 1676 399 1741 heremita:
429 1680 519 1757 Volo,
543 1678 596 1755 lili,
627 1682 660 1742 ut
691 1696 811 1742 mecum
835 1683 896 1742 stes
911 1681 941 1740 et
962 1695 1018 1759 per
1033 1682 1153 1741 noctem
1171 1677 1309 1741 moreris

259 1765 385 1847 Tumque
418 1785 544 1833 morans
578 1767 629 1830 tur
663 1768 713 1831 ille
751 1786 822 1831 cum
857 1766 1004 1831 heremita
1038 1768 1136 1846 longo
1169 1770 1311 1847 tempore

258 1855 471 1921 administrabat
493 1857 520 1920 ei
544 1856 675 1920 fideliter
696 1860 726 1919 et
738 1854 866 1936 devote,
891 1856 930 1919 ita
952 1860 987 1919 ut
1000 1856 1138 1919 crederet
1157 1856 1189 1918 in
1206 1856 1309 1937 ipsum

218 1957 238 2000 n
259 1943 388 2008 heremita
409 1949 440 2009 et
461 1945 631 2010 confideret
660 1944 700 2009 dc
723 1963 770 2010 eo.
817 1944 956 2008 Tradidit
978 1944 1080 2025 itaque
1108 1943 1254 2009 heremita
1278 1944 1309 2007 in

260 2050 340 2096 manu
361 2036 436 2098 luris
463 2034 569 2099 o'mnia
592 2053 652 2115 que
675 2039 761 2098 erant
787 2035 818 2097 in
841 2033 949 2099 domo.
995 2034 1139 2108 Quadam
1162 2051 1237 2098 vero
1259 2032 1311 2097 die

260 2139 320 2183 cum
340 2124 440 2188 ivisset
463 2124 608 2188 heremita
628 2124 669 2185 ad
693 2123 841 2188 civitatem
866 2141 924 2204 pro
939 2121 1004 2186 suls
1020 2122 1165 2203 negociis,
1180 2122 1312 2187 surrexit

261 2209 304 2272 lur
315 2217 341 2275 et
353 2214 480 2294 acceptis
499 2213 685 2276 vestimentis
699 2212 786 2293 fugit.
821 2211 966 2292 Cumque
983 2211 1093 2275 rediret
1108 2211 1254 2276 heremita
1271 2211 1311 2274 ad

260 2298 374 2365 domum
389 2307 419 2366 et
433 2319 498 2366 non
514 2302 664 2365 inveniret
681 2302 781 2364 furem
805 2318 861 2364 nec
883 2318 939 2364 sua
954 2300 1140 2378 vestimenta,
1163 2300 1313 2364 estimavit

218 2399 240 2443 n
261 2387 335 2452 illum
357 2408 421 2455 esse
449 2391 582 2454 iuratum
610 2390 795 2467 vestimenta,
825 2392 855 2452 et
875 2406 1038 2471 apponens
1064 2406 1193 2469 querere
1215 2387 1311 2467 illum,

261 2476 355 2543 direxit
374 2498 449 2545 suos
472 2497 596 2561 gressus
620 2478 702 2561 apud
725 2478 882 2560 quandam
898 2478 1056 2543 civitatem.
1096 2479 1218 2542 Etcum
1234 2481 1313 2543 esset

261 2566 287 2628 in
312 2569 417 2648 itinere,
449 2569 584 2634 obviavit
612 2569 738 2632 duobus
769 2568 862 2632 hircis
891 2569 1082 2632 silvestribus
1109 2569 1149 2631 ad
1180 2568 1310 2632 invicem

261 2660 469 2737 pugnantibus,
508 2659 608 2722 donec
640 2659 670 2721 in
702 2657 863 2738 sanguinis
890 2656 1076 2722 effusionem
1111 2657 1311 2721 devenerunt.

262 2744 464 2818 Quibuscum
487 2747 713 2828 supervenisset
734 2747 852 2829 vulpes,
875 2747 956 2829 cepit
971 2746 1106 2810 lambere
1129 2747 1311 2827 sanguinem

220 2836 306 2913 oqui
326 2837 362 2900 ab
384 2839 429 2901 eis
451 2837 623 2916 emanabat,
654 2841 685 2900 et
705 2836 884 2917 interposita
905 2835 1000 2917 vulpe
1022 2836 1098 2916 ipsis
1121 2835 1213 2899 birds
1235 2835 1311 2898 dum

262 2932 425 3005 pugnarent,
448 2927 482 2989 in
504 2930 620 2989 tannim
644 2926 751 2990 abeis
773 2930 819 2989 est
834 2942 983 3007 oppressa
998 2930 1027 2988 et
1042 2925 1131 2988 etiam
1148 2925 1313 3002 vulnerata,

262 3017 290 3074 ut
308 3016 427 3095 sanguis
453 3016 494 3078 ab
523 3034 559 3078 ea
582 3020 743 3078 emanaret
790 3014 857 3096 lpsa
883 3015 967 3077 enim
995 3013 1129 3094 pedibus
1156 3013 1312 3077 hircorum

262 3101 457 3168 miserabiliter
479 3104 553 3182 trita,
577 3105 692 3169 corruit
714 3109 834 3167 mortua
857 3104 889 3166 in
913 3107 1032 3166 terram.

339 3193 410 3257 Post
432 3194 490 3257 hec
511 3211 585 3256 vero
607 3210 768 3274 apponens
784 3192 930 3256 heremita
953 3209 1056 3256 curam
1079 3209 1166 3256 suam
1187 3209 1316 3272 querere

221 3291 241 3335 u
261 3277 356 3360 turem,
379 3282 519 3364 pervenit
540 3283 572 3345 in
595 3299 665 3346 sero
680 3281 720 3344 ad
736 3281 897 3362 quandum
917 3281 1075 3359 civitatem,
1099 3285 1128 3344 et
1143 3281 1316 3362 hospitatus

262 3370 347 3433 estin
369 3372 466 3436 domo
494 3371 653 3434 cuiusdam
678 3371 814 3434 mulieris
845 3370 1018 3448 meretricis,
1047 3388 1117 3433 cum
1142 3388 1205 3433 non
1231 3370 1315 3434 inve·

262 3458 342 3522 nisset
368 3461 452 3524 aliud
484 3460 658 3542 hospicium
689 3460 744 3523 ubi
775 3459 987 3541 hospitaretur.
1042 3460 1184 3523 llabebat
1211 3464 1313 3522 autem

262 3545 310 3610 hec
330 3550 437 3613 mulier
459 3548 615 3630 quandam
639 3549 820 3612 servientem
842 3548 982 3612 similiter
1000 3549 1198 3627 merebicem,
1221 3567 1314 3630 quam

262 3633 444 3716 deputaverat
466 3637 572 3702 officio
590 3638 840 3702 meretricationis
863 3638 1036 3716 hominum,
1060 3642 1093 3700 ut
1115 3636 1226 3700 exinde
1249 3637 1316 3718 ipsa

222 3725 366 3790 osellaria
389 3728 544 3809 reciperet.
583 3727 754 3790 Adamabat
774 3731 876 3790 autem
901 3727 958 3790 hec
980 3726 1117 3790 serviens
1139 3726 1316 3808 quemdam,

263 3817 457 3880 necvolebat
494 3833 527 3880 se
560 3815 633 3879 dare
652 3816 734 3879 ¹aliis
768 3815 957 3880 hominibus.
1014 3815 1159 3895 Cumque
1193 3816 1251 3879 hec
1284 3815 1315 3878 in

262 3900 400 3968 detectum
424 3905 553 3969 domine
583 3905 768 3968 redundaret
796 3923 834 3967 eo
864 3905 952 3984 quod
975 3922 1039 3968 non
1071 3904 1257 3987 percipiebat
1279 3923 1316 3968 ex

262 4007 291 4053 ea
311 3991 436 4072 lucrum,
467 3995 534 4057 nisa
560 4000 606 4060 est
635 3999 740 4057 contra
766 3993 915 4056 amasium
940 3993 1023 4057 illius
1044 4000 1078 4056 ut
1100 3993 1202 4073 ipsum
1226 3994 1316 4056 inter·

262 4079 360 4146 liceret.
406 4083 550 4158 Quadam
573 4102 649 4147 vero
672 4087 769 4160 nocte,
792 4101 862 4146 cum
887 4083 1019 4147 misisset
1041 4099 1100 4163 pro
1118 4097 1177 4145 suo
1200 4082 1319 4145 amasio

223 4168 306 4232 uilla
326 4173 468 4251 serviens,
502 4174 616 4253 potavit
644 4173 747 4252 ipsum
778 4172 876 4234 multo
899 4171 982 4245 vino,
1012 4169 1051 4228 ita
1081 4170 1167 4245 quod
1190 4169 1318 4244 arripuit

263 4274 323 4321 eum
356 4279 453 4343 sopor
486 4266 515 4324 et
549 4260 722 4325 dormiebat
755 4257 880 4320 fortiter.
934 4257 971 4316 Et
1004 4270 1156 4328 exurgens
1189 4250 1320 4310 domina
