3525 5025
719 542 963 600 -167-

249 729 291 774 aas
305 713 345 775 ad
375 713 510 789 hamum,
541 711 668 776 difficile
698 718 799 777 autem
827 718 872 777 est
899 733 1009 778 manus
1038 715 1105 795 ejus
1135 716 1264 780 evadere
1292 722 1374 799 post-

303 820 400 881 quam
423 801 518 864 semel
541 802 703 883 arripuerit
725 803 884 866 hominem
909 851 915 864 .
940 851 947 866 .
971 854 978 869 .
1002 851 1009 866 .

670 950 721 1009 27.
762 946 815 1026 [=
839 946 901 1010 No.
925 945 1010 1028 246.]

396 1069 446 1132 De
475 1068 609 1149 quadam
640 1070 729 1132 etiam
746 1071 841 1151 ,turpi
872 1071 1002 1134 muliere
1029 1072 1161 1151 legimus
1190 1074 1277 1154 quod
1309 1091 1372 1137 non

303 1163 385 1222 esset
411 1158 524 1238 aliquis
554 1158 595 1221 ita
624 1158 788 1238 religiosus
817 1178 911 1239 quern
944 1178 1007 1224 non
1039 1166 1143 1242 posset
1173 1161 1314 1242 decipere
1341 1167 1375 1226 ut

302 1266 375 1310 cum
400 1247 468 1328 ipsa
491 1252 650 1328 peccasset,
672 1252 703 1310 et
724 1248 873 1327 obligavit
894 1267 928 1312 se
949 1267 1072 1312 summa
1095 1251 1225 1331 pecunie
1248 1251 1374 1316 duobus

247 1337 516 1413 suoleccatoribus,
547 1335 633 1416 quod
658 1336 815 1400 induceret
837 1338 1003 1417 quemdam
1028 1344 1165 1402 sanctum
1195 1339 1372 1404 heremitam

304 1515 442 1579 hostium
466 1514 541 1578 celle
564 1514 638 1594 ejus,
661 1514 782 1578 dicebat
796 1514 882 1594 quod
906 1516 1078 1580 societatem
1094 1535 1181 1581 suam
1198 1518 1229 1580 in
1247 1535 1373 1582 nemore

301 1604 447 1666 amiserat
469 1607 505 1682 et,
528 1603 640 1666 amissa
654 1603 711 1681 via,
735 1621 799 1682 quo
814 1604 964 1668 divertere
979 1610 1083 1686 posset
1105 1606 1266 1683 nesciebat,
1290 1607 1373 1671 unde

303 1694 453 1755 instanter
482 1696 512 1754 et
544 1693 631 1771 quasi
664 1692 852 1756 lacrimando
882 1695 962 1774 cepit
991 1695 1169 1758 heremitam
1201 1713 1309 1777 rogare
1341 1700 1374 1760 ut

245 1798 290 1844 suo
304 1783 405 1863 ipsam
430 1782 610 1845 morientem
634 1780 751 1861 frigore
772 1786 802 1845 el
823 1783 980 1846 timentem
1004 1783 1095 1863 lupos
1115 1788 1145 1846 et
1166 1783 1240 1848 alias
1263 1784 1373 1849 bestias

302 1872 416 1933 intuitu
435 1871 494 1934 Del
518 1871 549 1932 in
572 1870 670 1934 domo
692 1888 749 1933 sua
772 1870 918 1952 reciperet
941 1872 991 1935 illa
1014 1877 1111 1936 nocte.
1146 1873 1283 1936 Tandem
1304 1879 1374 1954 post

302 1959 433 2023 multam
457 1960 610 2040 repulsam
638 1961 853 2040 compassione
883 1965 986 2024 motus
1010 1961 1089 2041 cepit
1111 1979 1177 2024 eam
1202 1961 1233 2025 in
1256 1962 1372 2042 angulo

302 2050 381 2112 celle
402 2067 467 2114 sue.
503 2048 555 2111 llla
577 2067 652 2112 vero
674 2048 794 2112 dicente
815 2049 890 2129 quia
911 2050 1027 2130 frigore
1049 2056 1220 2115 moreretur
1241 2056 1271 2115 et
1292 2052 1373 2115 fame

302 2138 455 2202 heremita
484 2138 587 2217 ignem
617 2137 756 2201 accendit
786 2143 815 2201 et
844 2137 930 2203 dedit
959 2139 986 2202 ei
1020 2138 1214 2204 manducare.
1260 2140 1300 2204 nt
1323 2141 1373 2204 illa

244 2240 289 2286 su
303 2227 412 2290 levatis
434 2227 545 2307 pannis
566 2227 745 2290 calefaciens
766 2245 800 2290 se
822 2227 861 2290 ad
886 2228 989 2308 ignem
1013 2228 1107 2309 pedes
1123 2229 1226 2293 nudos
1241 2233 1271 2292 et
1284 2247 1373 2294 cmra

300 2317 386 2397 cepit
409 2315 578 2379 ostendere.
613 2315 685 2390 Que
707 2315 817 2380 videns
840 2316 987 2380 heremita
1009 2317 1107 2381 statim
1131 2317 1241 2381 exarsit
1256 2317 1287 2381 iu
1305 2335 1371 2382 cam

300 2411 333 2469 et
357 2423 428 2468 cum
451 2404 647 2468 vehementer
668 2408 871 2484 temptaretur,
895 2406 976 2486 cepit
992 2406 1094 2469 Deum
1119 2425 1215 2470 orare.
1260 2405 1299 2469 ht
1322 2407 1373 2470 illa

300 2494 405 2575 magis
416 2495 524 2558 volens
535 2513 606 2557 eum
618 2492 784 2558 accendere
798 2495 1053 2576 appropinquans
1064 2495 1196 2561 dicebat:
1215 2495 1372 2563 „Domine

300 2603 375 2648 ecce
390 2583 554 2663 quomodo
569 2584 631 2647 lesa
645 2601 715 2647 sum
729 2584 828 2665 spinis
850 2584 881 2647 in
907 2584 1039 2665 pedibus
1060 2590 1089 2649 et
1110 2586 1228 2665 tybiis.a
1265 2586 1372 2649 llomo

243 2692 287 2738 su
301 2690 381 2737 vero
398 2672 457 2737 Dei
481 2672 579 2752 magis
600 2690 636 2735 ac
659 2672 757 2752 magis
778 2673 1002 2737 accendebatur
1017 2678 1046 2737 et
1060 2674 1140 2756 cepit
1162 2675 1275 2755 digitos
1298 2692 1373 2740 suos

299 2781 375 2827 cum
401 2762 473 2842 igne
495 2761 621 2825 candele
643 2762 825 2825 comburere
848 2767 963 2826 etcum
986 2763 1159 2827 anxiaretur
1180 2763 1268 2827 valde
1291 2763 1373 2828 dice-

300 2854 369 2916 bat:
397 2850 447 2916 ‚Si
471 2869 534 2914 non
552 2855 639 2931 potes
655 2851 738 2913 hunc
753 2850 911 2915 modicum
929 2852 1032 2932 ignem
1048 2852 1185 2931 sufferre,
1209 2854 1371 2933 quomodo

300 2943 410 3021 ignem
444 2940 646 3020 gehennalem
682 2957 789 3020 posses
823 2942 1013 3004 sustinere?u
1064 2943 1099 3004 Et
1128 2942 1168 3003 ita
1202 2942 1372 3005 successive

303 3029 455 3093 omnibus
477 3028 581 3108 digitis
604 3028 676 3107 igne
699 3030 846 3105 crematis,
869 3030 998 3093 cessavit
1011 3030 1105 3094 ardor
1127 3030 1372 3111 concupiscentie

243 3138 287 3183 seo
303 3119 443 3183 carnalis.
499 3117 582 3180 lllam
618 3123 719 3181 aulem
750 3123 923 3199 stupentem
955 3124 985 3182 et
1017 3120 1228 3182 ammirantem
1261 3120 1373 3184 horror

299 3212 405 3271 tantus
428 3207 537 3270 invasit
567 3206 653 3287 quod
685 3212 874 3271 mortuaest
905 3226 960 3288 pre
989 3208 1108 3272 timore.
1156 3209 1249 3272 Mane
1270 3214 1371 3272 aulem

301 3298 393 3373 facto,
427 3296 493 3359 duo
523 3296 685 3360 leccatores
707 3296 746 3358 ad
781 3297 887 3359 cellam
924 3297 1069 3360 heremite
1099 3297 1255 3361 venientes
1285 3302 1315 3361 et
1344 3299 1371 3361 ei

301 3388 549 3466 improperantes
571 3386 657 3466 quod
681 3403 751 3448 cum
769 3386 820 3448 illa
836 3385 964 3449 muliere
980 3385 1182 3463 dormivisset,
1207 3392 1369 3467 postquam

302 3476 436 3539 domum
461 3475 650 3538 intraverunt
672 3475 754 3537 illam
778 3480 931 3538 mortuam
956 3475 1147 3539 invenerunt.
1182 3476 1270 3539 Tunc
1286 3477 1372 3539 here-

151 3591 152 3609 t
244 3581 289 3628 aas
304 3565 379 3627 mita
401 3563 478 3644 quid
502 3564 530 3626 ei
554 3569 642 3626 nocte
666 3564 716 3626 illa
744 3563 903 3627 accidisset
933 3564 1065 3627 narravit
1091 3570 1120 3627 et
1147 3564 1261 3645 digitos
1288 3583 1372 3628 com-

304 3655 413 3717 bustos
435 3651 577 3716 ostendit
617 3653 661 3715 llli
684 3670 759 3716 vero
782 3654 904 3733 cognita
920 3654 1042 3718 veritate
1057 3653 1146 3717 valde
1162 3654 1329 3719 doluerunt
1344 3659 1373 3717 et

303 3747 461 3824 peccatum
477 3760 569 3805 suum
585 3742 717 3805 confessi
735 3747 814 3821 sunt
831 3746 973 3822 rogantes
989 3743 1167 3807 heremitam
1184 3747 1217 3806 ut
1232 3760 1289 3823 pro
1305 3760 1372 3805 sus-

303 3831 445 3895 citatione
468 3849 524 3894 sua
549 3831 651 3893 Deum
675 3836 811 3911 rogaret,
841 3832 896 3912 qui
920 3832 1039 3912 rogavit
1066 3838 1096 3896 et
1122 3832 1261 3896 suscitata
1289 3835 1372 3910 post·

305 3921 434 3985 modum
453 3921 532 3984 bene
546 3919 630 3985 vixit.
647 3921 722 3983 Ecce
738 3938 831 3999 quam
847 3920 1019 4001 periculosa
1031 3926 1103 3985 sunt
1117 3921 1237 3983 luxurie
1252 3917 1371 3981 blandi-

247 4026 290 4073 nao
305 4016 407 4075 menta
429 4027 492 4089 que
515 4010 605 4072 etiam
628 4009 712 4072 viros
735 4013 857 4073 sanctos
878 4010 1015 4073 alliciunt
1037 4014 1066 4072 et
1089 4010 1272 4089 impugnant
1292 4054 1299 4068 .
1316 4054 1323 4069 .
1340 4055 1371 4071 ..

667 4157 718 4214 28.
759 4151 813 4231 [=
838 4152 899 4214 Νο.
923 4150 1008 4231 24l.]

391 4276 506 4340 Audivi
543 4276 632 4338 etiam
667 4275 707 4337 de
741 4274 879 4354 quodam
915 4274 1069 4337 monacho
1106 4274 1160 4354 qui
1194 4291 1212 4335 a
1244 4272 1373 4351 pueritia

1339 4612 1455 4651 Α
