3525 5025
842 508 1040 563 ..2-

568 678 646 743 datis
669 676 790 756 osculis,
814 677 940 741 maritus
962 676 1017 740 iili:

569 768 617 845 ,de
640 770 722 847 quo‘,
746 766 853 847 inquit,
876 784 1016 848 ,puerum

569 856 659 920 istum
685 852 804 933 habeas,
827 854 886 935 dic,
913 860 965 919 aut
986 860 1119 919 extrema
1141 854 1270 937 patieris.

918 1033 967 1097 Vi,

569 1158 608 1221 At
631 1158 681 1222 iila
704 1158 845 1223 mantum
869 1158 981 1223 timens

518 1264 546 1311 aa
569 1247 661 1312 dolos
684 1252 782 1312 versat
806 1248 836 1310 in
860 1248 974 1312 omnia.

569 1337 639 1415 ,mi‘,
664 1337 794 1415 tandem,
818 1337 869 1414 ,nri
894 1336 1017 1417 conjux‘
1039 1337 1080 1400 ait

569 1444 640 1503 ,una
663 1425 729 1490 vice
753 1425 783 1488 in
807 1425 930 1507 alpibus

570 1516 640 1579 nive
663 1515 767 1579 sitiens
789 1514 902 1578 extinxi
925 1514 1015 1593 sitim,

569 1604 609 1667 de
632 1622 697 1685 quo
720 1622 780 1684 ego
802 1604 929 1684 gravida

520 1710 547 1757 uo
570 1694 661 1757 istum
686 1711 816 1775 puerum
840 1692 993 1756 damnoso
1016 1692 1079 1755 fetu
1103 1691 1164 1756 heu
1187 1692 1366 1774 gignebam.

913 1890 976 1953 Vii.

571 2014 659 2091 Nam,
684 2013 834 2093 languens
856 2031 963 2078 amore
985 2018 1047 2092 tuo,

571 2102 748 2166 consurrexi
772 2101 911 2166 diluculo

572 2191 752 2272 perrexique
775 2191 870 2271 pedes
894 2192 978 2255 nuda

571 2299 627 2362 per
649 2280 735 2343 nives
758 2284 788 2343 et
811 2280 927 2361 frigora

521 2384 549 2431 ss
571 2374 662 2451 atque
686 2368 781 2432 maria
804 2368 938 2432 rimabar
960 2373 1062 2447 mesta,

571 2459 603 2524 Si
627 2458 705 2523 torte
727 2458 882 2522 ventivoia
904 2457 971 2522 veta
993 2475 1147 2522 cernerem

571 2554 623 2613 aut
644 2550 777 2613 frontem
802 2548 888 2612 navis
911 2548 1128 2628 conspicerem.

909 2727 984 2790 Viil.

576 2849 657 2913 Anni
682 2857 750 2932 post
773 2853 829 2915 hec
852 2851 992 2932 quinque
1013 2850 1196 2914 transierunt
1217 2854 1270 2914 aut
1292 2851 1371 2932 pius,

577 2945 606 3003 et
629 2945 778 3004 mercator
800 2958 898 3022 vagus
921 2939 1096 3003 instauravit
1119 2957 1228 3018 remos,

524 3043 551 3089 40
575 3030 661 3092 ratim
685 3047 827 3109 quassam
853 3029 957 3108 reficit,

573 3117 640 3180 vela
662 3117 771 3196 alligat
796 3122 825 3181 et
847 3118 927 3181 nivis
951 3123 1054 3181 natum
1078 3116 1165 3180 duxit
1187 3135 1303 3182 secum.

923 3295 973 3359 lx.

574 3420 779 3483 Transtretato
803 3437 894 3498 mare,
918 3420 1108 3500 producebat
1130 3424 1236 3483 natum

574 3513 602 3572 et
625 3526 683 3589 pro
706 3507 857 3572 arrabone
880 3509 1039 3573 mercatori
1063 3509 1186 3573 tradens

574 3601 695 3662 centum
720 3597 813 3661 libras
836 3597 951 3678 accipit,

524 3698 551 3745 ss
573 3691 664 3767 atque
687 3686 813 3751 vendito
836 3686 950 3750 infante
973 3686 1060 3750 dives
1084 3687 1249 3751 revertitur.

929 3864 965 3927 X.

576 3991 795 4071 Ingressusque
818 3990 948 4053 domum
972 3988 1011 4052 ad
1036 4006 1165 4052 uxorem
1188 3989 1241 4052 ait:

574 4081 742 4157 consolare,
766 4077 911 4158 conjunx,
935 4077 1104 4154 consolare,
1129 4079 1210 4141 cara!

574 4175 678 4232 natum
703 4173 789 4232 tuum
815 4167 944 4250 perdidi,

575 4277 668 4339 quem
698 4276 762 4322 non
792 4257 858 4338 ipsa
886 4260 917 4319 tu
942 4273 992 4318 me
1020 4253 1118 4332 magis
1140 4253 1268 4332 quidem
1292 4253 1431 4315 dilexisti.
