3525 5025
449 717 522 779 sunt
555 714 645 793 proni
678 713 870 777 ambulantes
899 719 931 777 vt
964 732 1099 795 peccora.
1146 715 1218 778 ltem
1250 714 1343 795 aliqui
1373 714 1497 777 homines
1590 746 1591 761 .

450 802 579 881 cornuti,
611 820 688 867 naso
718 804 813 881 breui,
849 804 982 884 pedibus
1013 802 1153 885 caprinis.
1200 805 1273 867 ltem
1305 804 1336 866 in
1367 803 1498 885 Ethyopia

394 912 437 959 elo
451 892 594 956 homines
623 910 686 955 vno
717 892 796 974 pede
826 892 974 957 latissimo
1004 897 1065 955 tarn
1090 893 1219 970 veloces,
1250 897 1282 956 vt
1305 893 1411 956 bestias
1432 892 1499 954 inse·

450 985 597 1062 quuntur.
645 982 678 1044 ln
704 980 798 1061 lndya
828 982 943 1062 pigmei
976 982 1111 1045 duorum
1142 981 1318 1045 cubitorum
1349 981 1500 1061 equitantes

451 1089 547 1151 super
580 1088 671 1152 yrcos
700 1075 730 1133 et
759 1089 830 1135 cum
860 1070 991 1150 gruibus
1026 1071 1196 1151 preliantes.
1252 1071 1368 1134 ibidem
1400 1070 1501 1133 femine

451 1159 682 1241 quinquennies
697 1158 875 1240 concipiunt
891 1164 920 1223 et
942 1164 1011 1223 octo
1034 1159 1123 1223 annis
1146 1164 1261 1222 tanturn
1286 1160 1402 1223 uiuunt
1438 1161 1500 1221 item

450 1250 481 1311 in
507 1248 593 1312 lndia
615 1252 687 1311 sunt
708 1248 804 1328 aliqui
827 1249 971 1312 homines
986 1250 1025 1313 Vl
1043 1267 1153 1312 manus
1169 1250 1316 1312 habentes
1331 1253 1360 1312 et
1374 1249 1503 1312 homines
1590 1306 1591 1329 ,

394 1358 436 1403 ao
452 1337 528 1401 nudi
551 1342 580 1400 et
603 1337 693 1418 pilosi
717 1337 748 1399 in
773 1338 902 1401 flumine
926 1342 1087 1402 morantes.
1123 1340 1195 1401 ltem
1213 1338 1357 1401 homines
1372 1338 1401 1401 in
1418 1337 1503 1399 mani·

451 1428 511 1491 bus
539 1430 568 1490 et
598 1428 629 1489 in
658 1426 790 1507 pedibus
813 1428 852 1491 Vl
877 1426 990 1506 digitos
1021 1426 1175 1490 habentes.
1222 1427 1282 1506 (BL
1308 1428 1394 1507 361¹.)
1439 1428 1503 1489 ltem

450 1516 594 1579 mulieres
622 1534 693 1579 cum
725 1516 830 1579 barbis
863 1533 961 1595 vsque
990 1516 1029 1578 ad
1060 1521 1165 1596 pectus
1195 1516 1250 1579 sed
1285 1518 1381 1597 capite
1410 1517 1504 1595 plano.
1590 1542 1591 1571 i

451 1607 524 1668 ltem
560 1604 592 1667 iu
629 1605 780 1685 Ethyopia
811 1606 851 1669 lV
881 1604 1006 1668 occulos
1041 1605 1195 1669 habentes.
1243 1606 1275 1667 ln
1313 1606 1412 1686 Eripia
1441 1608 1507 1667 sunt

450 1695 593 1758 homines
623 1694 753 1757 iormosi
777 1694 831 1757 sed
862 1694 958 1774 capite
989 1698 1018 1757 et
1047 1694 1128 1758 collo
1159 1694 1270 1773 grvino
1302 1713 1372 1758 cum
1401 1694 1505 1758 rostris.
1590 1710 1591 1797 p

805 1889 881 1970 cap.
908 1895 947 1952 aa
974 1889 1033 1967 (nr.
1059 1889 1152 1968 ara).

665 2009 710 2065 De
728 2026 770 2077 eo,
791 2009 840 2080 qui
860 2026 910 2065 uas
928 2009 1031 2065 ductile
1049 2009 1165 2065 vitreum
1185 2010 1295 2066 obtulit.

393 2158 434 2205 ubo
538 2137 689 2218 Tyberius
730 2139 883 2218 regnauit,
923 2139 976 2218 qui
1018 2138 1108 2218 [ante]
1148 2143 1306 2219 sumptum
1351 2138 1508 2219 imperium

450 2228 587 2309 prudens
618 2227 752 2307 ingenio,
783 2228 883 2291 clarus
907 2227 1040 2307 eloquio,
1071 2229 1243 2291 fortunatus
1274 2229 1305 2290 in
1339 2228 1420 2291 bello
1449 2228 1510 2305 tuit,
1590 2238 1591 2289 t

448 2316 502 2380 sed
542 2321 648 2395 postea
682 2316 823 2380 resolutis
862 2316 975 2379 milicie
1011 2316 1128 2380 artibus
1166 2317 1250 2379 nulla
1287 2317 1368 2380 bella
1405 2334 1511 2397 gerens
1590 2310 1591 2391 Ξ

449 2405 600 2487 populum
618 2424 781 2469 romanum
798 2406 933 2486 grauiter
948 2406 1062 2482 afflixit,
1087 2406 1168 2469 filios
1189 2406 1333 2487 proprios
1349 2406 1512 2486 pluresque
1590 2416 1591 2441 ¹

449 2495 614 2577 patricinos
637 2500 666 2559 et
689 2495 832 2561 consules
855 2495 1010 2560 interiecit.
1055 2495 1304 2577 Temperanciam
1331 2495 1443 2561 abiecit
1464 2496 1512 2574 sic,
1590 2492 1591 2520 l

393 2604 434 2650 asu
449 2589 482 2647 vt
504 2585 557 2666 qui
581 2590 668 2648 antea
691 2586 776 2648 Nero
800 2585 959 2666 Tyberius,
984 2603 1067 2648 nunc
1089 2587 1178 2648 Mero
1202 2585 1316 2648 Bibero
1339 2587 1512 2650 vocabatur.

451 2675 533 2737 Huic
562 2674 688 2755 quidam
723 2674 829 2737 artilex
861 2691 915 2738 vas
950 2675 1079 2738 vitreum
1111 2674 1222 2738 ductile
1252 2693 1306 2738 seu
1338 2675 1513 2739 fabricabile
1590 2707 1591 2724 .

448 2764 565 2843 optulit,
589 2764 675 2844 quod
699 2765 850 2844 Tyberius
872 2764 912 2826 ad
936 2764 1080 2843 parietem
1104 2764 1265 2845 proiciens,
1297 2782 1361 2828 non
1386 2764 1513 2828 tractum
1590 2793 1591 2854 3

447 2851 569 2916 sustulit
592 2852 647 2915 sed
671 2857 841 2916 curuatum.
889 2852 983 2932 igitur
1004 2853 1110 2916 artilex
1131 2854 1276 2917 malleum
1302 2853 1465 2934 proferens
1488 2859 1515 2916 et
1590 2865 1591 2942 j

448 2943 559 3005 vitrum
584 2942 677 3005 velud
701 2960 832 3022 cuprum
856 2940 1008 3005 fabricans
1032 2960 1104 3005 mox
1128 2943 1265 3026 correxit.
1314 2944 1516 3024 interrogauit

393 3050 434 3096 auo
449 3037 549 3095 autem
574 3049 654 3108 eum,
678 3031 840 3111 quomodo
864 3032 924 3094 hoc
947 3035 1050 3111 posset
1073 3050 1147 3095 esse.
1183 3032 1334 3094 illedixit
1357 3033 1513 3096 neminem
1590 3029 1591 3032 ’

449 3122 528 3185 banc
560 3126 655 3184 artem
690 3121 767 3184 scire
804 3138 898 3201 super
932 3125 1051 3182 terram.
1108 3120 1211 3195 Quem
1251 3121 1403 3201 Tyberius
1442 3140 1516 3184 mox
1590 3137 1591 3144 ¹

448 3210 591 3274 decollari
616 3210 702 3274 iussit
722 3210 840 3273 dicens:
867 3209 918 3275 „si
935 3209 992 3272 hec
1006 3227 1055 3272 ars
1070 3210 1185 3274 venerit
1201 3210 1232 3272 in
1248 3211 1514 3288 consuetudinem,

448 3319 506 3381 pro
530 3300 645 3364 nichilo
670 3300 858 3380 reputabitur
880 3317 990 3363 aurum
1014 3299 1062 3362 vel
1085 3303 1273 3379 argentum«

797 3495 874 3575 Cap.
903 3501 963 3558 103
990 3495 1048 3575 (BL
1074 3495 1169 3575 38r.).

446 3617 491 3673 De
500 3617 602 3690 regina,
616 3633 672 3690 que
686 3618 721 3674 lll
735 3617 809 3673 lilios
820 3631 852 3672 ex
861 3615 998 3672 adulterio
1008 3618 1035 3671 et
1048 3616 1107 3672 le
1118 3615 1153 3671 de
1166 3615 1271 3672 semine
1284 3615 1356 3686 regis
1370 3618 1514 3689 pepererit.

536 3746 673 3822 Quidam
690 3766 743 3810 rex
760 3746 881 3824 nobilis,
906 3747 1027 3827 sapiens
1050 3749 1140 3825 atque
1160 3745 1248 3808 diues
1264 3763 1390 3808 vxorem
1407 3745 1515 3811 habuit

391 3853 433 3899 eoo
448 3834 652 3916 predilectam,
676 3854 736 3915 que
760 3836 862 3899 debite
885 3834 1060 3899 dileccionis
1083 3835 1237 3897 inmemor
1252 3838 1311 3897 tres
1334 3833 1417 3898 tilios
1440 3841 1515 3917 aput
1590 3911 1591 3920 ἵ

446 3941 517 3986 eum
541 3925 655 4003 genuit,
686 3925 740 4004 qui
763 3943 886 4006 semper
909 3929 994 3989 erant
1016 3924 1091 4005 patri
1115 3923 1243 3987 rebelles
1267 3927 1295 3986 et
1317 3923 1348 3986 in
1373 3922 1462 3988 nullo
1485 3926 1513 3989 ei

446 4011 571 4077 similes.
618 4013 741 4075 Deinde
764 4013 803 4076 de
832 4013 912 4092 regis
935 4014 1052 4077 semine
1075 4017 1217 4093 quartum
1241 4011 1339 4074 tilium
1363 4015 1512 4095 concepit,
1590 4063 1591 4068 η

447 4101 565 4182 peperit
594 4106 624 4164 et
653 4102 790 4164 nutriuit.
836 4103 956 4165 Accidit
983 4107 1093 4181 autem,
1128 4106 1159 4164 vt
1190 4119 1241 4164 rex
1271 4100 1358 4164 finito
1390 4101 1511 4166 dierum
1590 4129 1591 4186 q

446 4208 575 4255 suorum
611 4189 763 4252 curriculo
803 4194 973 4253 moreretur
1011 4207 1186 4269 corpusque
1220 4209 1310 4253 suum
1350 4190 1381 4252 in
1418 4193 1511 4272 regali
1590 4207 1591 4242 ῑ

391 4299 432 4342 ero
448 4280 639 4356 sarcophago
662 4275 861 4335 clauderetur.
898 4277 972 4335 Post
993 4277 1080 4336 cuius
1104 4278 1248 4354 exequias
1271 4278 1311 4342 lv
1326 4278 1382 4340 iiiii
1404 4297 1511 4362 supra·
1590 4289 1591 4348 t
