3525 5025
837 440 1053 496 ...24-

414 616 511 692 paler:
540 610 750 692 Philosophus
772 610 857 675 dicit:
887 611 936 674 Ne
963 610 1069 675 laudes
1095 611 1229 675 animm
1252 615 1356 687 tuum,
1382 608 1481 673 donec
1586 675 1588 678 ,

374 718 388 763 s
414 699 593 782 probaveris
620 718 701 764 eum.
750 700 816 780 ligo
843 699 971 780 quidem
999 700 1085 781 prior
1112 704 1200 763 natus
1222 718 1305 777 sum,
1331 704 1364 762 et
1391 697 1482 760 unius
1586 765 1588 770 ,

414 788 632 853 dimidietatem
647 789 699 851 vix
715 788 790 852 mihi
806 788 964 869 acquisivi.
1010 789 1057 852 Tu
1073 793 1174 853 autem
1191 793 1312 853 centum
1331 786 1482 869 quoniam

412 877 607 959 acquisivisti,
630 878 744 957 filimi,
767 877 844 942 vade
860 878 954 958 igitur
968 878 1100 960 probare
1115 895 1233 956 omnes,
1257 882 1290 941 ut
1310 891 1485 957 cognososs
1586 921 1588 924 -

413 966 525 1048 siquis
547 967 689 1030 omnium
713 967 766 1031 tibi
790 966 830 1030 sit
852 967 1003 1047 perfectus
1025 966 1151 1031 amicus
1175 1003 1202 1011 —
1229 967 1311 1029 Dicit
1334 966 1365 1029 ei
1387 963 1484 1027 filius:

413 1056 586 1133 Quomodo
602 1056 734 1137 probare
749 1056 908 1119 consulis?
933 1092 959 1099 -
985 1055 1071 1119 Dixit
1090 1060 1186 1137 pater:
1213 1055 1325 1137 Accipe
1341 1053 1484 1128 vitulum,
1586 1097 1588 1118 2

361 1162 387 1209 ro
413 1150 443 1209 et
458 1144 593 1209 interfice
607 1162 689 1223 eum,
705 1148 734 1207 el
750 1144 898 1208 frustatim
914 1145 1139 1209 comminutum
1153 1145 1184 1207 in
1200 1162 1288 1208 sacco
1302 1160 1433 1225 repone,
1449 1140 1487 1202 ita
1586 1173 1588 1178 ·

414 1238 447 1298 ut
461 1251 566 1298 saccus
578 1233 749 1298 lorinsecus
760 1234 912 1313 sanguine
924 1233 1053 1297 infectus
1068 1234 1114 1312 sit,
1133 1238 1163 1297 et
1177 1252 1275 1314 quum
1291 1233 1331 1296 ad
1348 1232 1486 1296 amicum
1583 1269 1584 1322 ,

414 1323 541 1401 veneris,
564 1322 675 1385 dicei:
701 1322 879 1401 Hominem,
903 1340 972 1386 care
994 1323 1037 1385 mi
1060 1322 1159 1401 irater,
1182 1323 1261 1386 forte
1284 1319 1437 1397 interfeci,
1460 1321 1488 1381 et
1584 1347 1585 1368 ι

414 1411 528 1476 domus
551 1430 619 1475 mea
641 1412 766 1475 scrutari
788 1411 887 1475 debet
933 1410 1066 1492 Oportet
1085 1412 1179 1492 igitur
1196 1411 1298 1492 ipsum
1315 1408 1445 1491 sepeliri
1461 1410 1490 1469 et

413 1500 572 1565 abscondi.
619 1499 708 1581 Rogo
731 1504 760 1563 te
783 1503 816 1564 ut
839 1518 911 1563 eum
934 1504 1050 1564 secreto
1070 1500 1211 1581 sepelias,
1235 1518 1330 1564 nemo
1351 1499 1440 1563 enim
1461 1499 1489 1557 te

360 1606 386 1653 u
413 1593 588 1669 suspectum
601 1589 733 1668 habebit,
749 1590 856 1670 sicque
868 1607 917 1653 me
928 1589 1045 1653 salvare
1057 1590 1179 1671 poteris.
1201 1625 1229 1633 -
1254 1594 1282 1653 9.
1300 1589 1402 1652 Filius
1418 1584 1490 1648 fecit

413 1679 492 1743 sicut
506 1682 590 1759 pater
605 1678 772 1759 imperavit
812 1678 936 1742 Primus
950 1678 1068 1742 amicus
1083 1677 1122 1741 ad
1138 1695 1232 1759 quem
1248 1678 1334 1741 venit
1349 1676 1432 1740 dixit
1447 1672 1487 1736 ei:

414 1768 472 1831 Fer
493 1772 593 1831 tecum
617 1772 774 1831 mortuum
798 1771 885 1831 tuum
909 1784 1003 1847 super
1025 1767 1140 1832 collum
1163 1771 1260 1843 tuum,
1283 1767 1364 1831 sicut
1389 1760 1487 1829 fecisti

413 1856 538 1935 malum,
555 1859 656 1937 patere
671 1856 915 1938 satisfactionem,
936 1856 967 1918 in
984 1855 1114 1919 domum
1132 1874 1230 1919 meam
1248 1873 1313 1919 non
1330 1850 1485 1919 introibis.

422 1982 447 1989 -
473 1945 580 2020 Quum
596 1949 697 2008 autem
714 1963 769 2026 per
784 1944 925 2025 singulos
940 1945 1057 2009 amicos
1071 1962 1147 2009 suos
1162 1945 1202 2008 ita
1217 1945 1343 2021 fecisset,
1370 1941 1485 2008 eodem

360 2050 387 2097 ao
414 2052 564 2115 responso
584 2052 694 2098 omnes
713 2034 741 2098 ei
762 2033 997 2116 responderunt
1044 2033 1092 2097 Ad
1114 2038 1228 2115 patrem
1246 2034 1339 2113 igitur
1359 2032 1486 2097 rediens

414 2123 568 2187 nunciavit
591 2122 677 2204 quod
701 2123 817 2186 fecerat.
865 2123 1013 2203 Dixitque
1036 2127 1132 2204 pater:
1156 2122 1295 2202 Contigit
1316 2123 1373 2186 tibi
1397 2115 1486 2202 quod

414 2212 490 2275 dixit
504 2212 723 2293 philosophus:
750 2212 859 2277 „Multi
874 2216 947 2275 sunt
961 2211 1037 2275 dum
1051 2216 1250 2275 numerantur
1261 2211 1360 2290 amici,
1377 2208 1437 2275 sed
1454 2207 1483 2269 in

414 2300 588 2365 necessitate
604 2301 720 2382 pauci.¹¹
768 2301 853 2365 Vade
868 2301 908 2364 ad
924 2300 1089 2364 dimidium
1109 2301 1243 2364 amicum
1264 2318 1369 2364 meum
1388 2312 1483 2381 quem

414 2390 523 2468 habeo,
547 2394 576 2452 et
598 2389 668 2453 vide
691 2390 757 2471 quit
787 2389 867 2452 diost
894 2390 957 2454 tibi.
990 2426 1016 2433 -
1053 2397 1102 2453 1ο.
1126 2390 1224 2468 Venit,
1252 2394 1282 2452 et
1308 2389 1389 2453 sicut
1417 2385 1485 2451 aliis

360 2494 387 2541 ss
415 2479 531 2543 dixerat
552 2479 625 2543 huic
646 2479 695 2559 ait
719 2479 772 2560 qui
797 2478 969 2560 respondit:
993 2480 1073 2542 lntra
1095 2478 1240 2556 domum,
1265 2496 1328 2544 non
1353 2483 1402 2543 est
1425 2477 1484 2540 hoc

414 2572 563 2632 secretum
591 2570 678 2649 quod
706 2569 815 2632 vicinis
842 2569 952 2632 debeat
979 2568 1143 2650 propalari.
1180 2605 1206 2612 -
1240 2568 1358 2632 Emissa
1389 2568 1485 2649 igitur

414 2675 510 2721 uxore
533 2675 588 2721 sua
608 2677 679 2722 curn
700 2657 785 2722 omni
810 2657 924 2720 familia
946 2675 1003 2721 sua
1024 2658 1213 2738 sepulturam
1236 2656 1324 2721 fodit.
1370 2657 1481 2732 Quum

414 2752 514 2810 autem
536 2747 640 2811 omnia
656 2747 772 2811 videret
791 2750 900 2828 parata,
925 2765 989 2810 rem
1011 2750 1104 2827 prout
1118 2750 1181 2810 erat
1195 2746 1345 2824 disseruit,
1370 2744 1484 2825 gratias

412 2854 516 2915 agens.
552 2836 674 2899 Deinde
695 2836 770 2918 patri
787 2835 888 2900 retulit
903 2854 982 2916 quae
997 2836 1116 2899 fecerat.
1152 2835 1240 2898 Pater
1254 2853 1329 2899 vero
1344 2835 1399 2898 ait:
1419 2835 1480 2899 Pro

360 2938 388 2985 oo
414 2926 464 2988 tali
480 2925 579 2988 amico
596 2926 802 3007 philosophus
816 2926 869 2988 ait:
901 2925 981 2991 „llic
1001 2929 1046 2988 ast
1060 2942 1131 2988 vere
1146 2925 1263 2988 amicus
1279 2924 1332 3004 qui
1349 2928 1379 2988 te
1393 2923 1483 3004 adju-

413 3020 469 3091 vat,
493 3032 590 3094 quum
615 3013 751 3077 mundus
774 3015 828 3078 tibi
852 3013 984 3078 deficite

841 3158 888 3221 lll.
936 3165 991 3220 2-
1005 3163 1053 3220 14.

504 3289 532 3344 2.
557 3280 695 3350 Relatum
716 3285 762 3345 est
782 3282 857 3344 mihi
879 3282 919 3345 de
934 3281 1060 3346 duobus
1075 3281 1326 3362 negotiatoribus,
1342 3296 1481 3362 quorum

414 3387 496 3432 unus
519 3373 581 3432 erat
603 3370 635 3432 in
660 3370 843 3451 Aegypto,
865 3371 941 3434 alter
965 3370 1138 3454 Batdach,
1161 3388 1257 3451 seque
1279 3370 1349 3434 solo
1371 3371 1481 3434 auditu

414 3463 633 3538 cognoverant,
657 3464 687 3522 et
709 3477 763 3539 per
786 3460 1010 3539 internuncios,
1034 3478 1115 3541 quos
1139 3477 1196 3541 pro
1219 3459 1278 3523 sibi
1302 3459 1481 3523 necessariis

360 3561 387 3608 so
415 3548 580 3611 mittebant.
628 3555 657 3613 3.
682 3547 820 3628 Contigit
842 3553 943 3611 autern
967 3550 1076 3629 utqui
1100 3553 1162 3613 erat
1183 3548 1315 3612 Baldach
1337 3547 1369 3610 in
1387 3565 1481 3629 nego·

414 3636 538 3700 tiatione
558 3636 614 3700 iret
633 3637 664 3700 in
685 3637 869 3718 Aegyptum.
911 3637 1114 3719 Aegyptiacus
1133 3638 1239 3701 audito
1260 3637 1327 3716 eius
1346 3635 1479 3700 adventu

415 3725 546 3789 occurrit
566 3725 601 3801 ei,
623 3730 653 3789 et
671 3727 805 3807 suscepit
824 3745 895 3788 eum
916 3726 1056 3806 gaudens
1076 3727 1107 3789 in
1128 3727 1258 3790 domum
1279 3743 1376 3805 suam,
1400 3730 1430 3790 et
1450 3727 1479 3789 in

416 3815 562 3878 omnibus
578 3815 604 3878 ei
621 3814 751 3891 servivit,
775 3815 852 3878 sicut
872 3833 941 3878 mos
964 3821 1009 3879 cst
1030 3815 1210 3894 amicorum,
1235 3833 1290 3896 per
1312 3819 1382 3879 octo
1406 3814 1478 3892 dies,

415 3909 445 3966 et
459 3903 592 3966 ostendit
608 3904 634 3966 ei
651 3921 761 3967 omnes
777 3903 927 3966 manerias
942 3908 1049 3968 cantus
1065 3905 1229 3968 mulierum
1250 3921 1328 3984 quas
1350 3904 1480 3967 habebat

361 4006 388 4052 ro
415 3992 446 4054 in
471 3992 567 4056 domo
591 4009 655 4055 sua.
701 4000 731 4055 4.
758 3991 863 4056 Finitis
886 3997 956 4056 octo
979 3992 1090 4056 diebus
1113 3993 1285 4056 infirmatus
1313 3997 1370 4073 est,
1395 3992 1479 4073 quod

415 4081 504 4145 valde
527 4081 658 4161 graviter
680 4081 828 4145 dominus
850 4080 890 4144 de
913 4081 1013 4145 amico
1035 4099 1094 4145 suo
1117 4082 1218 4145 ferens
1240 4081 1345 4144 ascivit
1372 4099 1480 4146 omnes

416 4171 553 4235 medicos
575 4170 777 4252 Aegyptiacos
797 4174 831 4233 ut
852 4170 985 4234 amicum
1008 4170 1159 4249 hospitem
1180 4168 1326 4232 viderent.
1368 4169 1479 4234 Medici

1584 1873 1588 2044 l
