3525 5025
818 495 1063 549 —tto-

407 664 483 729 dum
519 664 653 729 recurvis
687 664 845 744 unguibus
879 664 1022 727 miseram
1057 664 1228 742 suffocaret,
1264 663 1355 727 vidue
1387 663 1459 727 tilius

353 754 525 823 suavimle
547 771 724 817 succurrere
746 754 854 817 volens
881 754 1016 829 accurrit,
1047 754 1283 834 accipitremque
1306 753 1381 816 iuste
1402 770 1460 833 per-

408 860 531 908 cussum
555 842 674 906 occidit
709 842 763 906 Ob
787 842 847 906 hoc
869 843 951 922 regis
973 842 1057 907 iilius
1073 841 1249 922 indignatus
1265 843 1460 905 vehementer-

408 948 469 1013 que
492 931 605 1008 iurens,
636 931 668 993 in
693 930 809 994 ultione
835 931 985 1011 accipitris
1012 931 1105 994 vidue
1132 932 1231 994 tilium
1257 932 1464 995 transverberat

408 1026 437 1084 et
458 1019 603 1085 abscedit.
643 1018 729 1094 Quid
753 1038 829 1099 ergo
852 1020 945 1083 vidua
969 1038 1086 1101 pauper
1107 1024 1217 1101 ageret,
1240 1019 1308 1085 lilio
1332 1020 1419 1084 unico
1439 1023 1465 1081 et

410 1109 542 1191 possessi
556 1108 657 1189 [156‘]
671 1109 783 1173 uncula
827 1108 990 1172 destituta?
1056 1108 1200 1173 Cucurrit
1245 1110 1361 1173 concita
1404 1112 1466 1188 post

353 1218 395 1265 uo
410 1216 527 1279 regem,
564 1202 799 1279 assecutumque
837 1197 981 1275 lacrimis,
1019 1216 1108 1276 voce,
1150 1198 1338 1277 singultibus
1375 1201 1465 1277 rogat,

409 1287 553 1369 quatinus
576 1287 675 1349 lilium
698 1304 790 1351 suum
807 1286 919 1351 iniuste
934 1287 1086 1350 occissum
1102 1288 1277 1351 vindicaret.
1314 1286 1376 1356 Rex
1391 1304 1466 1363 vero,
1580 1282 1581 1307 ¹

409 1381 442 1441 ut
463 1381 526 1439 erat
541 1377 690 1440 mansueti
708 1376 941 1456 miserantisque
956 1376 1083 1439 aflectus
1098 1376 1201 1454 animi,
1225 1377 1356 1455 gradum
1375 1376 1468 1456 ligens

408 1465 532 1529 viduam
568 1465 682 1529 blande
711 1465 880 1545 leniterque
913 1470 1078 1543 ammonet,
1114 1468 1146 1528 ut
1178 1464 1309 1528 reditum
1342 1466 1407 1528 eius
1434 1464 1468 1527 ab
1580 1478 1581 1489 ¹

409 1554 550 1619 hostibus
571 1554 745 1619 sustineret:
769 1555 865 1631 Tunc,
890 1554 1042 1634 inquiens,
1066 1554 1165 1617 tilium
1182 1558 1269 1617 tuum
1287 1558 1321 1617 ut
1342 1553 1470 1617 volueris
1580 1596 1581 1609 .

353 1662 395 1709 su
409 1643 582 1707 vindicabo.
617 1645 655 1706 nt
670 1643 776 1707 vidua:
801 1643 837 1706 Et
859 1643 935 1723 quid
960 1643 1019 1721 liet,
1043 1643 1091 1720 ait,
1115 1643 1140 1707 si
1165 1643 1196 1705 in
1220 1643 1303 1707 bello
1320 1642 1471 1719 occideris,
1580 1636 1581 1715 l

409 1732 479 1813 quis
501 1732 601 1795 tilium
625 1731 812 1795 vindicabit?
859 1730 985 1809 Mando,
1017 1732 1065 1809 ait,
1096 1750 1153 1813 pro
1177 1736 1205 1795 te
1229 1733 1265 1809 ei,
1297 1733 1351 1812 qui
1383 1730 1470 1794 michi
1580 1724 1581 1801 1

410 1824 440 1885 in
458 1839 555 1901 regno
570 1820 719 1885 succedet
753 1822 788 1883 Et
803 1820 867 1884 illa:
894 1822 928 1883 Et
950 1839 1053 1901 quam,
1077 1822 1125 1898 ait,
1149 1821 1321 1885 mercedem
1338 1820 1472 1902 accipies,
1580 1846 1581 1885 .

408 1911 432 1975 si
457 1910 535 1974 alius
550 1929 621 1974 eum
638 1910 843 1988 vindicaverit,
867 1910 921 1990 qui
937 1914 966 1973 te
981 1909 1109 1988 vivente,
1133 1915 1162 1973 te
1178 1915 1333 1990 regnante,
1357 1910 1473 1973 occisus
1580 1988 1581 1991 Ἴ

409 2001 474 2064 est?
520 2000 653 2076 Nullam,
685 1999 793 2079 inquit
839 1999 878 2061 At
900 1998 1005 2062 vidua:
1039 2000 1121 2079 Ergo
1148 2004 1180 2061 tu
1212 2000 1278 2079 ipse
1300 1998 1356 2076 tac,
1390 1998 1473 2079 quod
1580 2000 1581 2065 l

354 2108 396 2155 neo
410 2090 460 2153 alii
485 2092 683 2170 precepturus
698 2106 739 2164 es,
764 2092 798 2151 ut
820 2087 893 2151 inde
917 2087 1038 2151 laudem
1055 2089 1095 2151 ab
1119 2088 1308 2166 hominibus,
1332 2092 1395 2151 eta
1418 2086 1475 2150 diis
1580 2106 1581 2169 q

409 2178 561 2258 premium
585 2178 792 2257 consequaris.
827 2178 932 2241 Motus
956 2196 1008 2240 rex
1031 2182 1092 2240 tam
1117 2177 1234 2241 ratione
1257 2176 1359 2253 vidue,
1383 2195 1476 2256 quam

409 2266 498 2330 etiam
523 2265 740 2343 misericordia,
763 2266 857 2329 dilato
881 2266 990 2329 iterum
1015 2266 1097 2329 bello
1117 2265 1155 2329 ad
1172 2267 1281 2330 urbem
1299 2266 1477 2346 regreditur.
1580 2314 1581 2339 ,

409 2354 545 2435 Cognito
561 2360 671 2433 autem,
695 2354 780 2436 quod
797 2355 881 2418 tilius
896 2373 972 2419 suus
995 2355 1050 2417 lilii
1075 2354 1167 2419 vidue
1190 2361 1269 2419 esset
1292 2355 1477 2419 interlector:
1580 2356 1581 2359 ’

409 2444 541 2524 Gallina,
564 2445 612 2522 ait
636 2449 687 2507 tua
709 2444 789 2522 satis,
813 2449 847 2507 ut
869 2448 953 2526 puto,
982 2448 1105 2507 mortuo
1129 2444 1270 2526 accipitre
1293 2449 1479 2525 conpensata

354 2553 395 2600 naa
410 2540 461 2600 est.
508 2534 652 2598 Ceterum
677 2553 734 2614 pro
761 2534 828 2598 lilio
852 2534 1008 2598 interfecto
1031 2533 1070 2598 de
1093 2533 1218 2598 duobus
1248 2534 1408 2615 optionem
1437 2534 1480 2597 do

408 2623 473 2688 tibi.
524 2624 585 2686 Aut
614 2624 706 2699 enim,
737 2623 762 2687 si
793 2623 876 2700 velis,
908 2623 1006 2686 tilium
1039 2623 1227 2700 interficiam,
1258 2627 1318 2701 aut,
1348 2623 1374 2686 si
1407 2643 1478 2686 eum

409 2714 511 2776 vivere
534 2713 644 2776 melius
674 2712 853 2790 decreveris,
883 2713 926 2776 do
957 2731 1027 2775 eum
1052 2713 1106 2775 tibi
1139 2712 1207 2776 loco
1236 2712 1358 2790 mortui,
1390 2717 1426 2775 ut
1452 2717 1480 2776 te

409 2802 487 2866 colat
510 2807 543 2864 ut
566 2807 701 2880 matrem,
736 2801 843 2865 adoret
870 2805 904 2864 ut
931 2801 1078 2881 reginam,
1112 2801 1214 2864 timeat
1244 2806 1279 2864 ut
1308 2801 1480 2878 dominam,

409 2891 581 2971 serviatque
611 2890 665 2954 tibi
696 2891 813 2955 cunctis
847 2891 907 2954 vite
938 2894 989 2953 tue
1019 2889 1138 2954 diebus.
1185 2890 1238 2953 llla
1268 2906 1342 2953 vero
1373 2891 1481 2954 utilius

354 2999 395 3046 san
409 2981 469 3045 sibi
501 2979 567 3043 lore
602 2979 740 3042 iudicans
776 2980 855 3060 regis
888 2979 986 3042 tilium
1021 2979 1131 3057 vivere,
1167 2997 1260 3059 quam
1296 2979 1385 3057 mori,
1423 2997 1481 3060 pro

409 3074 533 3133 mortuo
568 3069 653 3131 illum
693 3070 838 3149 suscepit,
877 3068 1081 3148 translataque
1116 3073 1160 3132 est
1198 3067 1237 3131 de
1275 3068 1401 3148 tugurio
1440 3069 1480 3131 ad

409 3158 562 3239 palatium,
594 3157 765 3238 pannicilos
794 3161 823 3221 et
851 3157 1035 3221 semicintias
1063 3157 1199 3221 vestibus
1231 3157 1346 3220 murice
1379 3157 1482 3221 tinctis

409 3252 610 3310 commutans.
658 3247 721 3317 Rex
744 3252 845 3311 autem
874 3251 944 3328 post
976 3246 1032 3310 hec
1055 3251 1160 3310 contra
1191 3247 1293 3310 hostes
1324 3247 1482 3327 protectus

409 3340 454 3399 est
477 3341 677 3416 pugnaturus.

812 3464 839 3525 s.
877 3462 932 3541 [2-
955 3461 984 3526 s
1010 3461 1071 3541 aa]

354 3623 395 3670 aas
501 3606 589 3668 Latro
613 3604 739 3684 quidam
763 3604 988 3668 famosissimus
1012 3603 1131 3667 divitias
1154 3603 1212 3667 sibi
1236 3603 1332 3680 furtis
1364 3604 1482 3684 rapinis

409 3698 438 3756 et
460 3693 635 3757 homicidiis
658 3712 846 3774 congregare
869 3693 985 3770 volens,
1010 3693 1123 3756 multos
1147 3691 1239 3756 huius
1263 3710 1355 3774 prave
1378 3693 1430 3756 vie
1453 3697 1482 3756 et

410 3800 552 3863 perverse
575 3782 695 3846 emulos
725 3783 784 3846 sibi
808 3783 1011 3863 copulaverat,
1042 3799 1177 3862 quorum
1210 3781 1352 3862 princeps
1382 3781 1482 3846 iactus

410 3889 472 3934 nou
497 3871 622 3934 urbium
647 3872 842 3949 munitiones,
866 3889 929 3934 non
955 3870 1088 3952 presidia
1103 3875 1270 3934 castrorum
1287 3869 1345 3934 sibi
1363 3868 1483 3934 habita-

410 3958 514 4025 culum
539 3959 650 4041 posuit,
674 3960 728 4022 sed
746 3963 876 4023 remotas
893 3959 1084 4035 solitudines,
1109 3959 1269 4039 speluncas
1291 3963 1319 4022 et
1334 3977 1482 4024 cavernas

355 4068 396 4112 uo
411 4052 563 4129 petrarum
587 4054 616 4108 et
631 4064 727 4124 opaca
750 4064 872 4123 queque
889 4052 917 4107 et
932 4047 1034 4107 abdita
1056 4047 1161 4124 silva[t
1173 4043 1322 4126 srblrum.
1359 4046 1484 4113 Diebus

408 4139 509 4196 autem
544 4138 573 4194 et
605 4131 747 4191 noctibus
786 4131 968 4189 incessanter
995 4147 1083 4191 secus
1118 4132 1296 4197 dificiliores
1329 4135 1482 4214 regalium

409 4223 527 4284 viarum
550 4215 693 4279 transitus
716 4231 786 4273 curn
810 4213 988 4273 satellitibus
1011 4214 1075 4274 suis
1100 4216 1225 4294 latitans,
1250 4224 1483 4290 transeuntibus
