3525 5025
715 536 958 595 -197-

298 710 544 791 procuravimus,
577 709 641 789 qui,
680 709 720 771 de
753 726 810 771 sua
843 708 1045 788 temptacione
1080 711 1291 788 compunctus,
1330 709 1369 771 ad

299 799 476 862 Dominum
501 798 562 876 ivit,
594 816 658 861 non
683 798 801 862 habens
822 797 913 860 aliam
943 815 1054 879 penam
1079 797 1137 860 nisi
1162 802 1291 860 mortem
1316 798 1369 862 ab·

297 889 421 968 jectam;
457 888 521 967 qui,
544 887 570 949 si
594 887 818 967 supervixisset,
849 885 996 949 redeunte
1019 887 1229 967 temptacione,
1253 886 1369 950 malum

244 995 285 1040 au
300 977 387 1058 quod
420 981 603 1057 conceperat
632 975 838 1056 adimplesset.
882 974 970 1038 Alius
1000 975 1146 1038 heremita
1176 974 1273 1039 homo
1296 995 1370 1040 con-

297 1066 496 1146 templativus
519 1070 563 1128 est
590 1068 620 1128 et
649 1082 830 1144 magnarum
860 1063 1054 1141 oracionum3
1085 1063 1238 1144 dyabolus
1267 1069 1368 1129 autem

298 1154 477 1236 procuravit
505 1155 570 1217 suis
600 1153 855 1235 impedimentum
887 1153 1096 1217 oracionibus:
1127 1153 1254 1234 quidam
1285 1155 1368 1217 eninr

297 1244 387 1307 dives
415 1244 543 1324 ciphum
573 1247 752 1322 argenteum
784 1260 878 1322 quem
909 1242 1089 1306 sustulimus
1117 1243 1144 1305 ei
1172 1241 1305 1322 dederat,
1337 1248 1370 1306 ut

298 1351 415 1414 prose
439 1336 546 1396 oraret
592 1331 674 1396 Cum
699 1336 799 1395 autem
828 1349 916 1395 orare
944 1331 1040 1409 vellet,
1070 1333 1212 1397 veniebat
1234 1331 1261 1394 ei
1285 1334 1369 1413 cogi-

244 1440 285 1485 sro
299 1423 379 1485 tacio
403 1421 480 1501 quid
504 1421 544 1484 de
562 1421 655 1502 cipho
679 1421 732 1485 illo
754 1420 854 1483 lacere
877 1424 988 1501 posset,
1011 1421 1059 1483 vel
1077 1438 1115 1483 ne
1130 1421 1282 1483 furaretur
1297 1440 1368 1484 eum

298 1510 412 1591 aliquis
436 1511 472 1588 ei,
504 1511 543 1572 ita
566 1510 652 1590 quod
677 1527 731 1573 cor
756 1527 848 1574 suum
877 1514 907 1572 et
936 1510 1096 1573 oraciones
1126 1510 1236 1591 ciphus
1263 1509 1314 1572 ille
1341 1511 1368 1574 ei

298 1601 470 1677 auferebat;
488 1598 559 1663 ideo
574 1599 702 1662 salutem
716 1599 782 1678 ejus
798 1599 1031 1680 procuravimus
1043 1597 1168 1679 ciphum
1185 1598 1368 1663 auterendo:

300 1689 390 1752 rediit
412 1689 497 1751 enim
512 1689 551 1751 ad
568 1688 672 1751 solitas
687 1688 847 1751 oraciones
862 1688 930 1751 sine
945 1687 1167 1768 impedimento
1184 1687 1246 1752 illo.
1281 1687 1369 1752 Alius

298 1782 410 1855 autem,
441 1777 480 1840 ad
504 1795 597 1857 quem
626 1781 697 1857 post
723 1776 873 1855 venimus,
905 1777 1005 1840 malus
1032 1777 1129 1840 homo
1156 1781 1208 1854 est,
1241 1795 1297 1841 nec
1324 1782 1369 1840 est

243 1885 285 1931 sn
300 1867 417 1947 dignus
447 1866 548 1930 celesti
580 1866 844 1944 remuneracione;
880 1883 938 1946 pro
967 1867 1027 1929 lroc
1056 1865 1143 1946 quod
1172 1865 1241 1928 lecit
1268 1865 1367 1946 nobis,

299 1955 372 2019 ideo
394 1955 596 2036 temporalem
625 1956 653 2018 ei
681 1954 826 2018 dedimus
854 1955 1035 2018 mercedem.
1080 1955 1168 2017 Alius
1192 1955 1288 2018 homo
1312 1955 1370 2019 luit

300 2045 461 2126 hospitalis
483 2049 513 2106 et
528 2043 692 2107 multarum
716 2045 990 2125 eleemosynarum,
1015 2048 1051 2121 et,
1075 2062 1145 2106 cum
1162 2062 1226 2107 non
1244 2044 1370 2108 haberet

300 2134 430 2214 prolem,
462 2133 580 2213 rogavit
605 2133 689 2196 viros
718 2132 878 2212 religiosos
908 2137 942 2196 ut
971 2136 1115 2212 rogarent
1139 2133 1311 2197 Dominum
1336 2137 1369 2196 ut

299 2222 385 2286 daret
408 2222 436 2286 ei
463 2223 595 2302 prolem;
625 2222 711 2302 quod
740 2222 885 2300 tecemnt,
916 2225 945 2285 et
971 2221 1056 2285 dedit
1078 2222 1105 2285 ei
1134 2221 1243 2300 lilium,
1274 2240 1367 2302 quem

151 2380 152 2389 ,
242 2329 286 2374 sno
300 2311 403 2375 vidisti
427 2311 585 2391 submergi
608 2329 626 2374 a
650 2310 750 2375 nobis.
795 2310 871 2385 Quo
895 2310 1008 2390 habito,
1032 2311 1111 2392 cepit
1134 2329 1228 2392 opera
1252 2311 1368 2374 miseri-

300 2401 414 2479 cordie,
450 2419 511 2480 que
541 2399 640 2463 tacere
670 2405 876 2479 consueverat,
912 2400 1070 2476 dimittere,
1103 2405 1133 2462 et
1163 2400 1258 2462 multa
1289 2401 1368 2463 mala

299 2489 407 2568 lacere,
431 2508 496 2571 quo
520 2489 616 2553 modo
640 2490 734 2553 multa
757 2489 824 2553 lilio
846 2489 1023 2570 acquireret
1063 2489 1165 2554 Puero
1189 2494 1312 2554 mortuo
1337 2490 1367 2552 in

300 2579 482 2643 innocencia
518 2580 645 2643 salutem
684 2580 930 2660 procuravimus,
970 2580 1037 2659 qui,
1075 2580 1100 2643 si
1139 2579 1368 2660 supervixisset,

299 2670 397 2732 multa
420 2668 499 2731 mala
522 2668 653 2746 fecissen
675 2668 815 2731 similiter
837 2673 866 2731 et
881 2668 957 2749 patri
974 2668 1070 2749 pueri,
1095 2668 1157 2747 qui,
1181 2686 1219 2731 eo
1236 2672 1367 2747 mortuo,

244 2758 339 2821 moad
363 2763 510 2822 consueta
533 2758 616 2822 bona
638 2775 733 2838 opera
755 2762 929 2821 revertetur.

680 2906 732 2964 32.
771 2900 824 2980 [=
848 2900 879 2965 s.
906 2901 991 2980 ssu]

388 3023 502 3087 Audivi
518 3023 614 3103 quod,
631 3042 701 3087 curn
715 3024 841 3104 quidam
858 3024 945 3088 dives
961 3028 1097 3088 maneret
1110 3024 1193 3105 juxta
1212 3023 1365 3103 [domum]

299 3113 460 3193 cujusdam
496 3113 648 3194 pauperis,
683 3132 753 3176 cum
789 3118 859 3194 post
889 3132 964 3178 cene
998 3132 1053 3178 sue
1088 3114 1212 3177 delicias
1246 3112 1369 3176 intraret

299 3203 411 3265 lectum
435 3220 526 3265 suum
551 3201 714 3265 delicatum
739 3206 768 3265 et
790 3204 916 3266 mollem
941 3207 974 3266 ut
997 3204 1172 3283 quiesceret,
1202 3207 1368 3283 occupatus

299 3291 430 3355 diversis
452 3291 534 3354 curis
557 3291 744 3355 irruentibus
759 3292 952 3356 diversorum
977 3294 1133 3356 bonorum
1158 3310 1369 3371 suorumque

246 3398 286 3444 oso
301 3381 433 3443 habebat
456 3379 487 3443 in
511 3379 640 3443 diversis
664 3381 747 3458 locis,
771 3400 841 3444 cum
858 3400 922 3445 non
940 3385 1043 3463 posset
1058 3382 1202 3460 dormire,
1225 3381 1369 3445 audiebat

300 3487 467 3550 pauperem
499 3472 570 3549 post
598 3487 704 3532 cenam
736 3488 862 3550 paucam
888 3475 917 3533 et
939 3471 1087 3535 solacium
1111 3471 1247 3551 aliquod,
1280 3471 1366 3550 quod

299 3558 433 3622 habebat
454 3576 525 3621 cum
550 3576 648 3639 puero
671 3576 738 3636 suo,
762 3559 942 3623 suavissime
958 3560 1165 3639 quiescentem
1189 3564 1260 3641 post
1283 3559 1367 3623 labo-

300 3666 365 3710 rem
398 3647 545 3710 diumum
577 3647 609 3709 in
645 3648 722 3711 lecto
755 3648 844 3712 duro.
898 3648 962 3723 Qui
995 3647 1137 3711 invidens
1167 3649 1234 3729 ejus
1264 3649 1366 3728 quieti,

299 3737 431 3800 surrexit
451 3739 521 3799 ante
544 3736 636 3814 diem,
670 3742 706 3815 et,
737 3742 842 3818 aperto
870 3738 950 3801 ostio
979 3738 1130 3819 pauperis,
1161 3737 1308 3818 pependit
1334 3738 1366 3799 in

247 3843 286 3888 aso
300 3844 338 3889 eo
363 3827 488 3889 bursam
512 3825 634 3906 plenam
659 3827 800 3906 pecunia,
832 3827 885 3906 qui
910 3828 1053 3890 excitatus
1076 3828 1107 3889 in
1132 3845 1230 3903 mane,
1254 3826 1305 3887 vix
1327 3827 1366 3888 ab

299 3932 405 3992 uxore,
428 3932 498 3978 cum
515 3915 606 3977 vellet
628 3915 731 3995 egredi
755 3915 895 3992 domum,
920 3915 1076 3980 cadentem
1101 3915 1262 3996 pecuniam
1287 3932 1367 3976 rece-

300 4004 355 4085 pit;
387 4007 508 4067 etcum
533 4004 587 4066 diu
616 4004 813 4068 deliberasset
836 4004 911 4084 quid
943 4005 1060 4081 taceret,
1092 4005 1202 4067 timens
1226 4022 1264 4065 ne
1288 4021 1368 4066 uxor

300 4093 347 4156 vel
370 4092 448 4155 alius
476 4093 627 4155 iuraretur
650 4095 686 4171 ei,
717 4094 806 4156 tinxit
833 4112 865 4157 se
897 4095 956 4175 pati
986 4096 1016 4156 in
1046 4094 1180 4172 renibus,
1211 4092 1366 4156 occultans

299 4182 359 4245 sub
382 4182 460 4245 lecto
483 4200 542 4245 suo
565 4185 595 4245 et
616 4183 719 4263 jacens
741 4201 842 4263 supra,
867 4202 931 4246 non
948 4184 1051 4247 valens
1071 4183 1207 4246 dormire
1222 4182 1262 4245 de
1278 4186 1366 4246 nocte

150 4281 152 4296 ¹
248 4286 287 4332 svo
301 4289 355 4351 pre
367 4270 573 4335 sollicitudine
591 4272 722 4352 [inqua]
741 4277 805 4335 erat
819 4272 897 4352 quid
912 4272 952 4335 de
969 4291 1004 4335 ea
1019 4272 1137 4335 laceret
1166 4272 1247 4336 Cum
1264 4275 1363 4334 autem
