3525 5025
878 548 1097 605 ..34-

454 722 524 781 ture.
570 718 630 781 Tot
652 718 812 794 torsiones,
836 718 1019 799 punctiones
1043 719 1075 781 in
1092 719 1227 783 vmblico
1243 720 1378 783 sustineo
1395 723 1508 800 propter

453 824 590 871 amorem
627 807 803 888 presbyteri,
838 807 926 887 quod
962 808 1091 871 deberes
1126 808 1218 872 michi
1252 810 1410 890 compati.u
1468 808 1511 869 llil

454 902 561 959 mater:
596 895 848 973 „oborientia
880 896 980 976 prima
1007 896 1072 959 vice
1100 902 1225 977 propter
1255 916 1354 961 meam
1378 896 1510 961 benedic-

398 1002 441 1049 tio
455 984 575 1050 cionem
592 984 733 1048 maritum
749 989 836 1048 tuum
852 984 1016 1066 temptasti,
1040 986 1099 1048 iam
1124 991 1249 1067 propter
1271 987 1510 1049 benediccionem

455 1074 548 1156 patris
563 1074 606 1137 tui
621 1074 723 1137 adhuc
738 1074 832 1137 semel
849 1092 921 1137 cunr
945 1079 1074 1155 temptes
1091 1080 1119 1137 et
1136 1076 1161 1138 si
1184 1080 1257 1138 tunc
1272 1077 1403 1139 euadere
1426 1079 1511 1155 poles,

454 1164 666 1245 presbyterum
691 1162 828 1243 diligas.u
877 1163 950 1236 Que
984 1164 1037 1227 ait:
1075 1165 1210 1228 „Grauis
1244 1182 1324 1245 pena
1359 1165 1449 1227 michi
1475 1168 1513 1224 est

455 1269 510 1334 per
539 1255 655 1315 tantum
686 1256 809 1332 tempus
839 1256 1020 1332 exspectare.
1066 1254 1292 1331 Verumtamen,
1326 1258 1359 1316 ut
1381 1251 1513 1315 benedic-

454 1342 575 1404 cionem
599 1341 692 1421 patris
715 1359 839 1418 merear,
862 1340 965 1405 adhuc
980 1360 1051 1403 eum
1068 1346 1214 1423 temptare
1230 1342 1305 1405 uolo
1321 1343 1423 1405 semel.
1460 1338 1512 1403 Sed

400 1430 507 1493 modic
530 1429 631 1507 michi,
662 1448 682 1493 o
711 1430 794 1493 bona
824 1434 927 1507 mater,
959 1430 989 1493 in
1022 1449 1085 1509 quo
1114 1432 1213 1494 debeo
1236 1436 1384 1511 temptare
1414 1430 1511 1493 cumis

455 1519 495 1582 nt
517 1518 582 1581 illa:
608 1519 697 1583 „Tibi
722 1519 801 1582 bene
824 1523 942 1582 constat
964 1520 1050 1599 quod
1075 1538 1204 1600 parvum
1228 1520 1400 1584 cuniculum
1425 1518 1513 1592 habet

457 1626 549 1688 quem
582 1608 712 1669 multum
743 1608 849 1687 diligit,
882 1626 921 1671 eo
951 1608 1037 1688 quod
1062 1610 1141 1672 bene
1165 1610 1249 1672 latrat
1271 1613 1300 1671 et
1324 1610 1434 1672 lectum
1457 1608 1515 1670 cius

456 1696 597 1760 custodit.
645 1696 733 1759 lllum
757 1714 863 1759 mnem
888 1715 991 1759 coram
1016 1716 1053 1760 eo
1078 1698 1217 1761 occidere
1239 1698 1342 1777 debes,
1368 1702 1398 1760 et
1412 1699 1436 1760 si
1452 1702 1516 1758 tunc
1574 1704 1575 1737 t

457 1784 587 1848 euadere
611 1785 720 1865 possis,
744 1786 955 1866 presbyterum
981 1786 1012 1849 in
1029 1788 1156 1850 nomine
1171 1787 1290 1849 domini
1308 1788 1445 1867 diligas.u
1483 1784 1516 1846 m

401 1892 442 1938 ooo
458 1874 520 1937 illa:
562 1874 663 1939 „lstud
694 1874 886 1954 adimplebo,
918 1876 981 1951 sed,
1012 1879 1045 1937 ut
1074 1876 1175 1953 credo,
1206 1894 1268 1938 non
1300 1881 1344 1939 est
1376 1880 1463 1938 natus
1483 1872 1516 1933 de

457 1963 593 2041 muliere,
618 1963 672 2044 qui
695 1970 755 2025 tam
780 1981 848 2026 care
865 1964 1115 2027 benediccionem
1134 1965 1225 2044 patris
1240 1970 1353 2027 emerat
1369 1971 1399 2028 et
1415 1964 1515 2035 matris,

457 2051 517 2113 nd
529 2052 621 2115 deum
648 2057 676 2114 te
692 2053 941 2116 recommendo.u
992 2052 1130 2116 Domum
1149 2054 1279 2133 perrexit
1295 2058 1324 2116 et
1338 2055 1422 2117 diem
1440 2053 1515 2115 illum

457 2142 488 2203 in
511 2141 659 2205 solacium
684 2141 777 2204 duxit.
824 2141 906 2205 Cum
932 2160 993 2206 nox
1016 2142 1141 2219 adesset,
1166 2142 1259 2205 lectus
1282 2142 1321 2205 de
1338 2160 1473 2224 purpura
1493 2144 1517 2200 et

458 2230 552 2310 bysso
576 2238 706 2311 paratur.
755 2230 845 2293 Miles
879 2249 953 2295 vero
985 2231 1103 2294 interim
1138 2232 1219 2293 iuxta
1249 2233 1351 2312 ignem
1384 2232 1515 2305 sedebal;

402 2336 443 2382 ooo
459 2338 574 2399 paruus
596 2321 679 2382 canis
703 2320 832 2397 intrauit,
856 2324 890 2381 ut
912 2320 1021 2383 solitus
1043 2325 1112 2397 erat,
1137 2325 1165 2382 et
1186 2338 1279 2402 super
1295 2322 1406 2384 lectum
1423 2336 1515 2383 ascen·

457 2408 509 2472 dit.
557 2408 693 2471 Domina
717 2426 791 2471 vero
815 2427 886 2470 eum
912 2428 966 2488 per
989 2409 1069 2471 duos
1093 2409 1187 2489 pedes
1211 2411 1397 2489 posteriores
1412 2406 1517 2487 accepit
1574 2414 1575 2477 l

457 2503 486 2562 et
520 2503 609 2578 caput
643 2498 682 2560 ad
717 2498 861 2578 parietem
894 2499 1048 2578 percussit,
1081 2517 1245 2579 quousque
1261 2500 1436 2563 cerebrum
1459 2498 1516 2560 eius
1574 2513 1575 2590 q

458 2591 520 2650 erat
542 2588 781 2667 circumquaque
805 2588 948 2650 effusum.
971 2661 977 2674 ι
996 2588 1085 2650 Miles
1109 2589 1164 2650 hec
1187 2588 1296 2651 videns
1311 2589 1363 2651 ait:
1392 2589 1442 2656 „0
1459 2604 1516 2668 pes
1574 2603 1575 2640 ;

457 2677 535 2740 sima
559 2677 636 2738 inter
660 2694 769 2739 omnes
786 2677 843 2755 (Bt.
864 2677 984 2756 155ν.),
1008 2694 1085 2756 quas
1101 2695 1235 2756 vnquam
1260 2678 1337 2740 vidi!
1364 2678 1431 2741 Cur
1446 2674 1516 2740 cani·
1574 2687 1575 2742 ζ

403 2766 562 2829 oroculum
595 2784 698 2828 meum
730 2770 799 2827 ante
830 2766 955 2829 occulos
980 2784 1066 2828 meos
1089 2767 1267 2829 occidisti?u
1317 2768 1442 2830 Atilia:
1474 2762 1516 2829 »Ο
1574 2777 1575 2798 ³

459 2855 594 2932 domine,
608 2854 811 2917 nonnevides
834 2854 920 2933 quod
946 2855 1039 2917 lectus
1064 2859 1166 2917 noster
1187 2856 1334 2935 preciosis
1350 2857 1460 2936 pannis
1480 2855 1519 2914 est
1574 2907 1575 2910 ,

457 2945 641 3024 coopertus?
682 2943 849 3006 Caniculus
871 2962 945 3006 vero
970 2944 1008 3006 de
1031 2943 1096 3007 luto
1119 2946 1202 3006 venit
1225 2950 1253 3007 et
1269 2950 1391 3008 nostros
1407 2958 1518 3026 pannos

458 3034 615 3114 preciosos
631 3033 801 3096 confudit.u
837 3032 901 3106 Qui
917 3033 971 3095 ait:
999 3034 1118 3112 „Magis
1135 3033 1226 3096 dilexi
1243 3035 1414 3096 caniculum
1432 3047 1517 3113 quam

458 3123 597 3186 lectum.¹¹
625 3122 696 3196 Que
719 3123 771 3184 ait:
799 3121 849 3186 »Ο
873 3122 1009 3198 domine,
1033 3123 1166 3201 quitquit
1189 3141 1247 3202 ego
1268 3123 1308 3185 ad
1324 3123 1517 3186 commodum

404 3213 545 3273 statuum
570 3212 680 3274 studeo
711 3215 890 3291 perpetrare,
923 3215 954 3272 tu
986 3212 1077 3274 vertis
1102 3212 1132 3272 in
1157 3213 1301 3274 malum.u
1351 3213 1456 3275 Statim
1479 3211 1518 3271 in·

458 3300 537 3378 cepit
559 3300 641 3376 llere,
666 3305 757 3380 caput
779 3305 935 3380 percutere
952 3305 981 3362 et
996 3299 1047 3362 ait:
1075 3301 1166 3366 „Heu
1184 3301 1283 3379 michi,
1309 3302 1405 3364 heu!¹¹
1435 3298 1517 3363 Miles
1574 3351 1575 3354 ,

458 3406 532 3451 vero
562 3390 671 3452 videns
700 3390 806 3451 fletum
839 3407 930 3452 suum
955 3389 1043 3450 dixit:
1082 3389 1128 3454 „A
1152 3390 1223 3452 fletu
1249 3392 1346 3453 cessa!
1394 3389 1462 3452 Tibi
1484 3385 1517 3448 ad

459 3494 585 3556 presens
609 3479 755 3541 remitto.u
806 3478 877 3552 Que
910 3478 962 3540 ait:
1001 3479 1107 3542 „Deus
1142 3479 1193 3541 det
1227 3479 1320 3542 michi
1355 3499 1408 3543 cor
1437 3483 1516 3540 tuum

459 3583 653 3644 cognoscere,
686 3567 771 3646 quod
804 3567 919 3647 possim
953 3568 1007 3630 tibi
1040 3567 1158 3647 placere
1189 3568 1227 3631 de
1251 3571 1387 3631 cetero!u
1434 3569 1518 3630 Mane

404 3671 446 3716 oso
461 3672 535 3716 vero
569 3656 699 3718 surrexit
732 3661 761 3719 et
793 3657 831 3718 ad
867 3657 1023 3719 ecclesiam
1064 3657 1201 3736 perrexit,
1241 3658 1272 3718 in
1311 3675 1373 3737 qua
1401 3661 1516 3720 matrem

460 3748 595 3806 orantem
633 3745 757 3821 inuenit,
790 3750 818 3808 et
852 3747 903 3808 ait:
942 3746 993 3810 »Ο
1028 3750 1129 3823 mater,
1165 3746 1312 3808 dominus
1346 3748 1385 3809 sit
1412 3742 1516 3808 tecum!

461 3831 558 3909 Certe,
583 3832 642 3894 iam
668 3833 878 3913 presbyterum
903 3852 1005 3897 amare
1028 3835 1113 3911 volo,
1137 3836 1208 3898 satis
1224 3853 1291 3897 care
1307 3836 1374 3898 eius
1389 3849 1517 3898 amorem

460 3922 528 3998 emi,
553 3921 639 4000 quod
663 3927 723 3983 tam
747 3923 800 3984 diu
826 3928 951 4003 propter
966 3928 1079 3986 vestras
1096 3924 1330 3987 benedicciones
1347 3920 1517 4004 exspectaui.

462 4010 538 4090 Feci,
563 4010 641 4072 sicut
664 4010 756 4072 michi
780 4011 890 4087 dixisti,
915 4017 943 4073 et
967 4031 1037 4075 cum
1063 4031 1171 4092 parum
1197 4013 1295 4093 incepi
1320 4013 1402 4091 llere,
1434 4007 1517 4074 michi

406 4099 578 4162 osoremisit
601 4117 638 4160 ex
660 4103 724 4161 toto
748 4100 868 4163 corde.u
918 4101 967 4162 nit
998 4106 1104 4163 mater:
1139 4103 1189 4166 „0
1220 4102 1283 4164 filia
1312 4102 1427 4180 dilecta,
1461 4115 1516 4162 non

461 4193 506 4252 est
539 4187 701 4250 crudelitas
735 4206 828 4268 super
863 4189 1068 4251 crudelitatem
1105 4208 1223 4252 senum.
1271 4190 1412 4254 Consulo
1441 4183 1518 4270 quod

460 4277 562 4339 adhuc
584 4277 678 4337 semel
707 4293 777 4334 eum
809 4281 964 4350 temptes.u
1014 4278 1053 4335 nt
1082 4277 1145 4336 illa:
1184 4278 1307 4355 „Maten
1344 4280 1374 4339 in
1412 4291 1516 4342 uanum
