3525 5025
859 544 1082 601 ..13-

520 715 610 791 Quae
633 716 815 799 perpetravit
839 714 972 794 Unibos,
1040 719 1074 778 ut
1095 714 1216 779 sedaret
1236 715 1442 779 stultissimos.

520 808 668 871 Versutus
691 806 778 869 miles
802 804 943 882 reddidit,
1011 807 1046 867 ut
1066 808 1128 867 tres
1150 804 1243 867 iratos
1265 805 1398 886 respicit,

521 896 671 959 Insaniam
695 894 870 977 prudentia;
942 892 1132 975 respondent
1153 912 1208 974 per
1231 892 1375 958 ludibria

521 984 602 1049 Mori
626 983 702 1047 dum
726 988 859 1047 tremens
881 982 1027 1061 aestimat,
1094 982 1288 1047 occasionem
1311 983 1435 1046 simulat

467 1092 506 1135 no
521 1074 652 1138 Mortem
677 1073 809 1154 pingens
833 1072 863 1136 in
888 1070 1022 1151 conjuge
1089 1072 1182 1135 tincta
1203 1072 1296 1135 suillo
1319 1072 1474 1153 sanguine.

522 1163 611 1229 Uxor
633 1161 735 1227 dolosi
759 1161 820 1225 sub
843 1160 918 1226 dolo
986 1165 1076 1225 strata
1097 1161 1175 1241 iacet
1197 1160 1332 1241 tugurio,

521 1250 618 1326 Quasi
642 1250 681 1315 sit
702 1268 774 1315 vere
796 1253 918 1314 mortua
985 1249 1077 1314 occisi
1101 1250 1208 1331 sponsi
1232 1249 1366 1313 dextera.

521 1340 662 1405 Cadaver
684 1340 812 1405 foedum
835 1337 987 1419 sanguine
1054 1356 1168 1419 corpus
1190 1344 1317 1419 apparet
1339 1339 1478 1404 feminae.

521 1429 673 1494 Crudeles
696 1446 909 1493 mansuescere
976 1428 1127 1509 incipiunt
1149 1445 1207 1508 pro
1230 1428 1369 1491 crimine.

469 1538 508 1583 115
524 1518 588 1594 Qui
611 1522 757 1582 venerant
778 1516 926 1595 occidere,
994 1520 1109 1581 certant
1131 1534 1307 1597 percussam
1331 1517 1477 1597 plangere
1593 1569 1595 1600 ,

524 1610 715 1689 increpantes
740 1606 928 1685 Unibovem,
996 1604 1103 1669 flendo
1127 1610 1284 1669 mactatam
1308 1606 1486 1686 coniugem.
1593 1603 1595 1644 ⁵

522 1696 620 1761 Simul
645 1696 752 1760 dicunt
773 1695 927 1759 ferociter:
995 1695 1101 1773 ,Heus
1125 1695 1277 1758 insensate
1299 1701 1466 1776 compater,
1593 1720 1595 1726 ·

523 1785 595 1860 Qua
617 1803 708 1849 causa
730 1790 763 1849 tu
786 1783 953 1849 durissima
1021 1783 1199 1865 perpetrasti
1222 1783 1386 1847 facinora?
1593 1745 1595 1862 i

523 1874 727 1939 contusionis
749 1878 818 1937 trux
840 1873 928 1937 taber
995 1890 1054 1936 nos
1076 1872 1222 1937 seduxisti
1247 1872 1396 1952 nequiter,
1593 1869 1595 1898 ¹

470 1982 509 2029 155
527 1966 569 2029 Ut
596 1968 762 2027 mercatum
786 1963 996 2044 probavimus,
1065 1966 1194 2026 mortem
1222 1966 1307 2025 tuam
1334 1963 1540 2026 tractavimus.

524 2054 673 2133 Magnum
698 2053 856 2129 damnum,
884 2051 1069 2129 stultissime,
1142 2049 1303 2130 adquisisti
1332 2050 1373 2114 de
1396 2051 1541 2133 conjuge

524 2143 595 2205 Non
620 2146 664 2205 est
687 2143 777 2223 culpa
800 2140 965 2205 mediocris
1031 2140 1124 2203 vitam
1147 2139 1271 2219 tugasse
1293 2140 1461 2220 coniugis‘.

525 2231 625 2310 lnquit
647 2248 773 2294 secums
796 2229 911 2294 unibos
979 2227 1077 2310 magis
1099 2228 1250 2293 seducens
1273 2232 1334 2292 tres
1357 2229 1458 2294 viros:

524 2318 665 2383 Mirabile
688 2319 838 2399 flagitium
909 2317 1076 2399 perpetravi
1102 2335 1157 2399 per
1178 2316 1327 2397 gladium.
1593 2297 1595 2415 f

471 2428 510 2473 155
526 2410 556 2474 Si
582 2427 703 2472 mecum
727 2426 833 2489 pacem
857 2406 961 2483 tacitis,
1029 2406 1054 2470 si
1078 2407 1181 2470 cordis
1204 2406 1279 2469 iram
1303 2407 1460 2488 rumpitis,

524 2498 631 2563 Vivam
656 2498 715 2562 cito
739 2496 882 2562 videbitis
950 2495 1136 2561 interiectam
1161 2514 1253 2576 quam
1278 2495 1410 2562 cernitis.

524 2589 605 2668 ,Fiat
629 2587 690 2651 liat‘
714 2587 847 2651 hilariter
914 2586 1021 2649 dicunt
1043 2585 1160 2649 seducti
1184 2585 1306 2666 pariter;
1593 2538 1595 2681 ἔ

516 2676 723 2760 ,Repellimus
745 2696 763 2740 a
787 2681 909 2758 pectore
976 2678 1066 2739 testes
1089 2674 1280 2737 inimicitiae‘.
1593 2692 1594 2719 2

525 2769 610 2831 Dum
635 2766 679 2830 sic
702 2765 864 2848 perpendit
889 2765 1013 2830 Unibos
1081 2764 1166 2843 loqui
1191 2767 1251 2827 tres
1273 2762 1482 2845 adversarios,
1593 2734 1595 2809 5

470 2857 573 2923 155Αά
598 2856 701 2920 cistam
726 2855 819 2920 currit
842 2855 984 2934 ligneam,
1058 2870 1186 2916 sumens
1207 2852 1356 2931 salignam
1382 2853 1545 2920 bucinam.
1593 2860 1594 2925 l

527 2948 644 3011 Lustrat
666 2945 794 3010 cadaver
816 2942 959 3024 conjugis
1025 2941 1086 3005 sub
1109 2941 1237 3004 testibus
1259 2941 1406 3020 erroneis,
1593 3006 1595 3051 ν

526 3036 577 3098 Bis
601 3035 713 3112 lustrat,
736 3052 826 3115 saepe
850 3032 982 3110 bucinat,
1051 3030 1158 3093 horam
1182 3030 1330 3110 surgendi
1354 3033 1527 3111 praedicat
1593 3060 1594 3097 1

526 3123 716 3187 lustratione
738 3123 830 3200 tertia,
899 3126 1044 3202 tanquam
1068 3120 1177 3183 virtute
1200 3119 1324 3197 mistica,

526 3213 610 3275 Dum
636 3229 750 3274 nomen
774 3229 906 3292 sponsae
930 3209 1076 3291 nominat,
1143 3209 1349 3288 quiescentem
1373 3214 1548 3277 resuscitat

471 3319 511 3365 155
528 3302 686 3380 Exurgens
710 3317 788 3363 uxor
811 3301 927 3382 impetu
994 3303 1068 3363 astat
1090 3297 1239 3362 deformis
1261 3297 1375 3376 habitu,

523 3389 652 3470 Jubetur
673 3390 713 3453 ab
738 3389 893 3467 Unibove,
962 3393 994 3452 ut
1017 3406 1049 3452 se
1074 3387 1203 3450 mundet
1224 3405 1242 3450 a
1264 3386 1425 3466 sanguine.

526 3477 699 3542 Conlestim
724 3477 785 3541 lota
809 3478 886 3542 lacie
954 3478 1060 3541 induta
1083 3476 1261 3541 meliuscule

526 3568 661 3649 Apparet
682 3567 859 3647 speciosior,
928 3568 1012 3631 vultu
1037 3566 1186 3629 mundato
1210 3565 1375 3646 pulchrior.

526 3655 648 3721 Seducti
673 3674 728 3736 per
752 3656 931 3720 Unibovem
1000 3656 1148 3719 mirantur
1171 3652 1430 3736 pulchritudinem

472 3764 512 3810 no
530 3745 700 3816 Resuscitae
723 3744 863 3823 feminae,
932 3749 1088 3827 stupentes
1116 3744 1197 3808 illam
1222 3743 1377 3825 plaudere.

528 3834 644 3922 Dicunt
666 3833 839 3915 suppressis
867 3833 1012 3898 vocibus:
1092 3835 1270 3912 ,Nunquam
1294 3837 1354 3895 tam
1379 3831 1546 3912 pulchram

528 3924 615 3988 lstius
626 3923 758 3986 lorrnam
771 3922 911 3999 feminae,
958 3941 1037 4003 quae
1046 3923 1175 3986 surrexit
1188 3923 1218 3984 in
1233 3922 1288 3984 hac
1300 3920 1358 3984 die.
1393 3920 1548 4001 [vidimus

527 4012 604 4076 Ante
628 4016 757 4076 mortem
780 4011 879 4092 turpis
902 4010 967 4089 luit
1034 4011 1074 4073 de
1098 4015 1196 4074 morte
1219 4010 1347 4091 pulchra
1370 4009 1460 4072 rediit
1467 4033 1476 4088 ;

529 4102 612 4165 Felix
636 4120 721 4165 mors
744 4119 821 4182 quae
846 4099 1037 4182 pulchrificat
1092 4133 1532 4146 ——————————
1539 4150 1546 4163 .

474 4209 514 4256 115
530 4192 633 4266 Quam
658 4190 731 4253 lelix
753 4207 851 4254 sonus
874 4188 1012 4267 bucinae,
1080 4205 1143 4266 qua
1165 4191 1352 4250 renovantur
1374 4187 1506 4252 vetulae.

528 4281 667 4360 Sponsae
691 4285 811 4343 nostrae
835 4276 1005 4354 decrepitae
1073 4292 1131 4350 pro
1159 4273 1257 4334 multo
1286 4274 1366 4336 liunt
1393 4279 1544 4356 tempore.
1593 4310 1594 4321 ³
