3525 5025
828 494 1071 551 -116-

423 667 520 733 ‚vide
558 667 668 745 modo,
706 666 970 748 quemadmodum
1011 668 1067 729 hec
1099 666 1199 731 dulcis
1237 685 1317 747 aqua
1355 684 1412 747 per
1454 685 1494 730 os

419 757 503 821 canis
539 756 624 819 ietidi
662 757 827 821 obseruato
863 755 968 819 colore
1007 756 1133 837 proprio
1171 774 1242 819 curn
1282 774 1387 836 sapore
1432 774 1494 819 nec
1586 820 1587 829 ,

365 864 394 911 au
421 846 568 927 polluitur
612 862 668 909 nec
706 847 851 908 mutatur!
923 844 1099 922 Karissimo,
1142 845 1187 908 sic
1229 849 1259 908 et
1299 845 1389 908 missa
1433 864 1493 927 per

420 935 583 1015 indignum
635 934 824 999 sacerdotem
882 934 1037 998 celebrata
1114 935 1149 996 Et
1197 933 1282 1012 ideo,
1338 934 1491 1013 quamuis

420 1024 474 1089 tibi
508 1023 665 1104 displiceat
691 1024 752 1086 vita
787 1023 893 1085 talium
932 1022 1193 1103 presbyterorum,
1232 1028 1332 1086 tamen
1370 1023 1493 1086 deuote

421 1114 528 1177 missas
559 1112 654 1176 debes
687 1112 824 1175 audire·
873 1111 943 1175 iliis
973 1111 1061 1175 dictis
1091 1129 1184 1175 senex
1214 1113 1339 1175 euanuit
1367 1113 1409 1175 ab
1442 1130 1493 1176 e0.

422 1204 457 1265 Et
483 1202 570 1282 quod
596 1202 720 1279 viderat,
750 1201 818 1265 aliis
841 1200 974 1263 narrauit
1004 1206 1033 1263 et
1060 1206 1130 1281 post
1156 1201 1213 1264 hec
1241 1202 1351 1264 deuote
1374 1202 1494 1265 missas

365 1308 394 1353 eo
419 1290 547 1354 audiuit.

791 1520 867 1601 Cap.
896 1526 933 1584 13
960 1521 1020 1599 (Βὶ.
1047 1520 1115 1601 ln).

527 1658 570 1716 De
587 1658 689 1729 regina,
709 1674 764 1729 que
781 1658 817 1714 de
834 1656 895 1713 lilio
914 1658 1040 1728 concepit
1058 1661 1085 1714 et
1103 1661 1212 1728 partum
1233 1658 1376 1730 iugulauit.

510 1823 647 1897 Quidam
672 1823 837 1904 imperator
858 1827 929 1900 erat,
962 1822 1015 1902 qui
1039 1821 1197 1903 pulchram
1221 1842 1346 1885 uxorem
1371 1823 1496 1901 babuit,

419 1932 512 1993 quam
544 1912 623 1975 miro
654 1912 750 1975 modo
780 1910 893 1974 dilexit.
941 1912 1007 1992 lpsa
1038 1912 1138 1991 primo
1171 1929 1254 1974 anno
1284 1913 1431 1993 concepit
1463 1918 1494 1975 et

419 2002 519 2065 illium
555 2001 796 2083 pulcherrimum
831 2000 959 2081 peperit,
999 2018 1091 2080 quem
1127 2002 1257 2063 multum
1292 2001 1414 2081 dilexit,
1459 2003 1491 2064 in

419 2096 535 2155 tantum
559 2090 645 2170 quod
661 2090 792 2169 singulis
808 2090 950 2154 noctibus
966 2089 997 2151 in
1014 2108 1076 2152 vno
1099 2090 1176 2153 lecto
1200 2108 1270 2152 cum
1294 2109 1332 2153 eo
1358 2092 1490 2156 iacebat.

366 2196 393 2243 as
420 2180 501 2245 Cum
524 2184 625 2244 autem
648 2197 726 2261 puer
748 2184 808 2242 tres
830 2196 930 2242 annos
953 2178 984 2241 in
1001 2182 1076 2242 etate
1094 2178 1318 2259 compleuisset,
1343 2186 1494 2245 mortuus

419 2275 464 2334 est
486 2270 659 2351 imperator.
689 2268 737 2331 De
759 2268 847 2331 cuius
866 2272 964 2331 morte
980 2268 1076 2331 lactus
1092 2272 1137 2331 est
1151 2268 1242 2331 dolor
1266 2269 1495 2334 intollerabilis.

421 2358 537 2439 Regina
564 2357 668 2421 multis
696 2357 807 2420 diebus
837 2361 967 2420 mortem
998 2358 1064 2421 eius
1094 2357 1217 2438 planxit.
1268 2357 1349 2420 Cum
1383 2364 1491 2423 autem

419 2448 573 2530 sepulture
596 2447 702 2510 luisset
731 2446 866 2523 traditus,
899 2446 1003 2526 regina
1027 2464 1081 2528 per
1103 2465 1136 2509 se
1159 2447 1190 2509 in
1222 2446 1360 2527 quodam
1387 2453 1493 2513 castro
1590 2527 1591 2534 ἵ

419 2539 492 2601 vixit
508 2539 687 2617 habensque
702 2555 806 2600 secum
822 2535 921 2598 lilium
945 2554 1046 2599 suum.
1094 2537 1228 2600 Puerum
1253 2537 1342 2600 istum
1368 2541 1493 2602 tantum

367 2643 393 2688 ro
420 2627 530 2704 dilexit,
559 2626 645 2707 quod
668 2626 707 2689 ab
731 2644 769 2688 eo
791 2626 924 2705 separari
949 2643 1012 2688 non
1042 2630 1165 2706 poterat.
1210 2625 1313 2690 Ambo
1337 2629 1493 2691 continue

419 2716 510 2782 simul
535 2716 679 2791 iacebant,
702 2715 803 2778 donec
826 2733 903 2794 puer
918 2715 1013 2779 xvlll
1032 2733 1132 2779 annos
1155 2715 1186 2777 in
1210 2719 1284 2777 etate
1308 2717 1492 2796 compleuit.

420 2806 597 2885 vidensque
635 2803 787 2886 dyabolus
824 2821 961 2867 amorem
1001 2803 1175 2867 ordinatum
1207 2805 1285 2866 inter
1321 2803 1428 2868 filium
1464 2810 1494 2870 et

421 2900 546 2959 matrem
571 2911 625 2958 eos
647 2894 686 2956 ad
715 2893 864 2956 nefarium
897 2910 977 2973 opus
999 2892 1167 2970 solicilauil,
1201 2893 1231 2955 in
1255 2896 1371 2956 tanturn
1398 2895 1492 2974 quod

421 2985 503 3048 lilius
526 2983 681 3066 propriam
706 2987 832 3045 matrem
857 2982 1012 3060 cognouit.
1052 2981 1168 3062 Regina
1191 3000 1264 3045 vero
1287 2981 1387 3045 statim
1414 3003 1493 3048 con·

368 3091 395 3138 rs
421 3075 506 3154 cepit.
539 3074 621 3137 Cum
637 3089 711 3135 vero
727 3072 905 3151 inpregnata
920 3070 1034 3148 luisset,
1057 3071 1140 3134 lilius
1156 3072 1222 3135 eius
1238 3075 1333 3135 tolum
1351 3090 1492 3152 regnum

422 3182 475 3244 pre
498 3164 607 3226 dolore
634 3161 734 3224 amisit
755 3165 785 3223 et
810 3160 996 3224 verecundia
1018 3157 1069 3242 (et)
1098 3160 1136 3224 ad
1168 3165 1266 3240 partes
1293 3160 1491 3242 longinquas

421 3252 551 3314 accessit.
597 3251 701 3328 Mater,
726 3267 795 3313 cum
824 3253 945 3329 tempus
975 3249 1112 3330 pariendi
1136 3249 1262 3327 adesset,
1290 3249 1391 3312 lilium
1417 3252 1493 3332 pul-

421 3339 606 3403 cherrimum
631 3338 747 3420 peperit
773 3339 944 3418 vidensque
967 3338 1066 3401 lilium
1094 3339 1192 3401 stalim
1224 3338 1310 3401 illum
1334 3339 1492 3418 iugulauit

421 3429 564 3492 scindens
587 3433 691 3508 guttur
713 3428 779 3491 eius
802 3446 857 3508 per
880 3427 1026 3490 medium.
1069 3427 1200 3507 Sanguis
1223 3427 1353 3507 gutturis
1376 3430 1492 3492 cecidit

366 3535 393 3580 ao
421 3518 450 3580 in
476 3517 576 3599 palma
598 3517 718 3581 sinistra
735 3535 844 3580 manus
859 3517 971 3593 matris,
995 3517 1126 3596 laetique
1142 3520 1213 3580 sunt
1229 3521 1361 3597 quatuor
1376 3517 1489 3581 circuli

421 3605 544 3670 rotundi
575 3607 606 3669 in
638 3606 694 3669 ista
720 3607 831 3670 forma:
862 3613 1047 3673 ww.
1093 3606 1182 3670 Vnde
1213 3605 1279 3686 ipsa
1309 3605 1393 3668 nulla
1423 3613 1491 3670 arte

421 3699 537 3776 poterat
570 3694 701 3758 circulos
735 3695 775 3757 de
805 3713 898 3758 manu
929 3715 983 3760 sua
1014 3695 1151 3759 euellere.
1200 3695 1234 3758 El
1265 3700 1389 3776 propter
1423 3696 1490 3760 hoc

420 3786 510 3848 ducta
533 3783 716 3848 verecundia
742 3802 865 3866 semper
892 3786 923 3848 in
952 3786 1003 3848 illa
1031 3803 1123 3848 manu
1152 3785 1290 3848 utebatur
1313 3785 1486 3865 cyrotheca,

422 3893 459 3938 ne
483 3873 777 3953 circuli'sanguinei
808 3873 992 3937 viderentur.
1041 3873 1156 3954 Regina
1187 3873 1241 3936 ista
1269 3873 1339 3936 satis
1370 3873 1487 3937 deuota

365 3981 394 4028 ss
421 3967 490 4042 erat,
514 3968 634 4027 etcum
659 3966 774 4025 tantum
798 3962 1062 4039 verecundaretur,
1093 3962 1179 4042 quod
1203 3980 1240 4025 ex
1263 3962 1391 4043 proprio
1416 3962 1485 4026 tilio

421 4053 561 4133 concepit
583 4057 612 4115 et
634 4050 793 4131 proprium
822 4050 921 4111 lilium
946 4050 1063 4126 occidit,
1095 4051 1181 4128 quod
1210 4051 1296 4113 nullo
1325 4050 1421 4115 modo
1445 4051 1487 4114 de

422 4142 481 4204 hoc
504 4139 641 4203 confiteri
665 4137 793 4210 volebat,
824 4140 853 4195 et
875 4139 975 4195 tamen
1000 4137 1086 4195 omni
1110 4138 1267 4212 quindena
1291 4139 1330 4201 de
1354 4140 1486 4218 peccatis

421 4229 485 4291 suis
508 4227 564 4289 luit
586 4222 733 4287 confessa.
768 4220 884 4296 Regina
900 4218 954 4277 ista
978 4218 1056 4278 miro
1073 4221 1168 4283 modo
1185 4223 1336 4301 virginem
1354 4229 1484 4290 Mariam
