3525 5025
842 473 1084 527 -114-

432 646 514 707 extra
538 642 650 706 ostium
676 660 726 705 me
748 641 876 723 expulit:
902 642 993 719 Vade,
1018 642 1169 722 inquiens,
1193 642 1259 723 lupi
1279 647 1307 706 te
1330 643 1487 721 comedant,

432 732 486 812 qui
521 731 580 795 iam
619 731 730 794 totiens
756 730 921 793 dominum
959 735 1047 793 tuum
1082 732 1236 812 decepisti.
1298 733 1363 812 Ego
1396 737 1487 796 autem

432 821 557 884 evulsus
579 820 619 883 ab
642 838 681 883 eo
704 823 853 900 quantum
877 820 973 883 iactus
996 823 1040 883 est
1064 820 1181 901 lapidis,
1206 821 1272 902 cepi
1296 821 1437 884 insultare
1456 822 1487 899 ei,

433 909 520 989 quod
536 908 647 973 totiens
662 909 824 989 deceptum
842 908 1017 972 evasissem.
1055 910 1121 989 lpse
1137 928 1211 973 vero
1226 909 1354 973 anulum
1370 929 1487 974 aureum

378 1016 420 1061 oro
433 998 474 1061 de
504 997 601 1078 digito
632 997 823 1061 abstrahens:
863 997 956 1074 Tene,
985 998 1034 1075 ait,
1065 1016 1123 1078 pro
1156 1015 1291 1077 munere,
1322 1017 1385 1063 non
1414 1000 1487 1062 enim

432 1088 518 1152 decet
540 1092 569 1149 te
591 1105 610 1149 a
631 1090 715 1149 tanto
744 1087 811 1149 viro
841 1086 1002 1150 inmunem
1034 1086 1153 1149 dimitti.
1200 1087 1376 1151 Porrectum
1405 1088 1489 1151 michi

433 1176 560 1239 anulum
591 1176 706 1239 inserui
730 1175 836 1255 digito,
866 1175 1030 1255 statimque
1062 1177 1165 1239 nescio
1197 1177 1312 1256 quibus
1342 1177 1490 1240 maleficiis

433 1269 546 1346 eaptus
571 1265 703 1345 cogebar
727 1263 831 1328 eundo
855 1264 998 1327 clamare:
1028 1265 1103 1328 Ecce
1127 1284 1195 1344 egb,
1219 1284 1287 1328 ecce
1311 1268 1383 1346 ego!
1430 1268 1490 1347 lpse

433 1372 508 1419 vero
531 1372 719 1434 quamquam
743 1371 832 1417 cecus
855 1353 971 1434 prepeti
996 1357 1095 1416 lamen
1113 1372 1204 1417 cursu
1220 1372 1327 1417 vocem
1343 1356 1490 1419 clamantis

378 1458 420 1505 ou
434 1461 568 1523 sequens
599 1443 720 1506 minora
746 1460 869 1522 queque
902 1441 1088 1505 transiliebat
1118 1443 1243 1520 arbusti,
1275 1444 1491 1523 offendensque

434 1532 588 1596 interdum
617 1532 749 1613 pedibus
772 1531 860 1611 quasi
889 1531 1022 1611 quedam
1055 1532 1153 1595 moles
1177 1532 1310 1595 maxima
1331 1533 1491 1596 corruebat

434 1622 517 1685 Vero
541 1639 610 1683 cum
632 1621 692 1683 iam
710 1620 802 1683 michi
826 1620 1022 1700 propinquus
1045 1620 1139 1698 iierei,
1165 1639 1221 1683 nec
1244 1639 1303 1701 ego
1325 1641 1343 1684 a
1367 1622 1492 1685 clamore

434 1715 602 1790 temperare
633 1726 765 1790 possem,
797 1727 854 1772 nec
882 1708 1010 1772 anulum
1038 1727 1056 1771 a
1086 1708 1183 1789 digito
1212 1711 1349 1787 evellere,
1379 1716 1492 1774 coactus

434 1817 504 1863 sum
529 1799 630 1878 ipsum
662 1798 792 1878 digitum
824 1816 894 1860 cum
925 1797 1020 1861 anulo
1049 1797 1207 1862 abscidere
1239 1800 1437 1880 proicereque
1465 1800 1491 1861 in

378 1903 420 1949 oen
436 1905 516 1951 eum.
554 1887 666 1968 Sicque
689 1887 854 1950 amissione
878 1887 998 1950 menbri
1022 1891 1119 1950 totum
1143 1888 1182 1950 ab
1207 1888 1378 1951 imminenti
1403 1892 1493 1952 morie

433 1977 549 2040 servavi
566 1994 688 2057 corpus.
724 1976 793 2039 iliis
809 1975 897 2039 dictis
914 1971 1017 2056 [158⁶]
1037 1975 1124 2039 latro:
1143 1977 1226 2055 Ecce,
1243 1978 1284 2040 ait
1298 1977 1336 2040 ad
1354 1978 1492 2057 reginam,

434 2066 537 2129 multis
567 2066 621 2129 tibi
658 2064 800 2147 periculis
829 2064 890 2127 sub
918 2082 983 2128 uno
1012 2082 1082 2128 casu
1113 2084 1171 2145 pro
1203 2066 1414 2147 redemptione
1442 2066 1493 2127 tilii

434 2155 568 2232 narratis,
593 2159 622 2218 et
644 2155 722 2217 alios
745 2155 834 2217 etiam
859 2172 918 2234 pro
943 2154 1069 2234 reliquis
1093 2158 1219 2218 eventus
1242 2155 1438 2235 subiungam.

738 2452 791 2522 13.
838 2449 943 2523 Gesta
968 2454 1196 2525 Romanorum.

900 2559 943 2614 (eu.
958 2559 1033 2612 orer.)

913 2671 1020 2680 -—-—-

808 2743 883 2824 Cap.
912 2751 950 2806 10
976 2744 1035 2822 (Bl.
1062 2744 1130 2823 5η).

736 2846 780 2903 De
798 2846 856 2903 iilia
875 2847 903 2902 in
924 2845 1069 2902 venenosis
1088 2844 1197 2902 nutrita.

522 2958 708 3021 Allexander
724 2958 871 3038 regnauit,
896 2957 950 3037 qui
966 2961 1029 3021 erat
1051 2961 1111 3019 tam
1136 2956 1224 3021 ioriis
1240 2960 1379 3038 tempore
1398 2976 1455 3022 suo
1471 2961 1498 3020 et

435 3053 552 3128 potens
583 3048 669 3129 quod
703 3047 807 3111 nullus
835 3065 906 3110 eum
938 3047 1101 3109 deuincere
1132 3046 1238 3125 potuit
1285 3047 1320 3110 Et
1351 3051 1496 3127 quantum

433 3138 473 3200 ad
504 3137 687 3217 sapienciam
720 3137 899 3216 magistrum
923 3134 1109 3199 Aristotilem
1141 3135 1273 3199 habebat
1301 3154 1415 3214 secum,
1446 3136 1497 3217 qui
1579 3185 1580 3246 ,

434 3244 506 3289 eum
531 3227 562 3288 in
587 3226 672 3290 omni
703 3225 850 3306 sapientia
881 3224 1054 3287 instruebat.
1091 3224 1151 3302 (Βὶ.
1177 3225 1238 3304 iv.)
1276 3225 1343 3289 llec
1372 3226 1497 3289 audiens
1579 3255 1580 3268 κ

399 3335 413 3379 r>
436 3314 541 3394 regina
563 3314 718 3394 aquilonis
747 3315 849 3377 tiliam¹
867 3331 954 3376 suam
978 3332 996 3376 a
1018 3318 1157 3394 tempore
1188 3313 1349 3377 natiuitatis
1379 3332 1497 3378 veneno
1579 3315 1580 3364 l

436 3403 569 3481 nutriuit,
593 3408 714 3466 etcum
739 3404 777 3466 ad
802 3405 909 3465 etatem
934 3402 1110 3482 legittimam
1136 3403 1331 3484 peruenisset,
1356 3407 1419 3468 erat
1440 3408 1497 3467 tam

435 3492 540 3574 pulcra
555 3498 584 3555 et
600 3493 631 3555 in
652 3493 799 3556 omnibus
814 3509 966 3568 amorosa,
991 3491 1030 3554 ita
1052 3493 1139 3572 quod
1164 3493 1251 3555 multi
1276 3509 1330 3573 per
1345 3498 1497 3574 aspectum
1579 3487 1580 3580 i

435 3581 501 3645 eius
524 3581 659 3644 infatuati
684 3582 815 3644 iuerunt.
850 3580 989 3645 Tandem
1014 3581 1120 3660 regina
1142 3600 1208 3644 eam
1225 3581 1264 3644 ad
1280 3581 1497 3645 Allexandrum
1579 3583 1580 3662 t

436 3671 525 3748 misit,
555 3676 585 3733 vt
609 3674 688 3734 esset
716 3671 782 3734 eius
806 3670 987 3733 concubina.
1034 3670 1106 3734 Visa
1136 3670 1237 3750 puella
1266 3669 1365 3732 statim
1397 3676 1499 3752 captus
1579 3671 1580 3754 l

382 3779 408 3824 ro
435 3763 479 3824 est
503 3759 628 3823 ineius
655 3778 761 3822 amore
791 3763 819 3822 et
846 3759 983 3823 dormire
1007 3778 1076 3822 cum
1101 3777 1137 3822 ea
1160 3758 1291 3824 uolebat.
1340 3760 1407 3822 ilec
1436 3778 1499 3842 per·
1579 3811 1580 3856 ,

435 3847 555 3949 cipmiens
575 3847 717 3927 magister
731 3847 901 3912 Aristotiles
924 3849 1001 3912 dixit
1023 3849 1063 3912 ei:
1091 3847 1213 3913 „Nolite
1233 3847 1303 3911 talia
1317 3851 1499 3930 attemptare,
1579 3887 1580 3954 t

436 3937 515 4017 quia,
531 3936 557 4000 si
574 3937 712 4015 ieceritiS,
729 3937 929 4000 incontinenti
944 3938 1128 4015 moriemini,
1145 3955 1183 4000 eo
1199 3937 1310 4017 quod
1303 3955 1367 4017 rpsa
1384 3938 1423 4000 sit
1439 3943 1500 4002 toto
1579 3955 1580 3974 ¹

435 4031 572 4110 tempore
596 4025 655 4088 vite
678 4043 733 4088 sue
749 4044 869 4089 veneno
886 4027 1010 4090 nutrita!
1048 4027 1084 4089 Et
1107 4029 1138 4088 vt
1160 4045 1267 4089 verum
1292 4025 1390 4104 luerit,
1415 3975 1580 4128 quod

435 4115 514 4192 dico,
538 4114 636 4177 statim
662 4115 722 4177 hoc
745 4114 895 4194 probabo.
939 4115 1000 4178 Hic
1023 4118 1067 4178 est
1089 4113 1216 4194 quidam
1242 4113 1424 4194 malefactor,
1449 4116 1500 4195 qui

382 4223 409 4266 rs
436 4221 491 4282 per
513 4203 612 4280 legem
637 4203 716 4264 mori
740 4203 843 4278 debet,
875 4221 944 4265 cum
969 4221 1004 4264 ea
1033 4201 1173 4281 dormiat,
1204 4208 1232 4266 et
1255 4207 1328 4266 tunc
1351 4203 1499 4282 videbitis,
1579 4219 1580 4300 3
