3525 5025
854 498 1096 555 —126—

444 672 559 737 domus
581 670 790 747 absconderet,
813 674 844 734 et
865 670 953 733 dixit:
990 671 1139 735 „Tantum
1164 673 1255 750 caput
1278 673 1307 731 et
1329 688 1412 732 crura
1433 687 1491 731 cum

445 761 577 827 brachiis
599 760 631 823 in
662 761 723 823 hoc
751 776 840 824 sacco
871 760 971 841 posui,
1003 764 1145 822 truncum
1175 764 1278 821 autem
1309 759 1440 839 corporis
1466 758 1491 819 in

445 855 551 915 nostro
573 848 695 913 stabulo
717 849 873 929 sepeliui.¹¹
910 848 979 911 l·liis
994 848 1082 911 dictis
1096 846 1316 927 aliquantulam
1332 847 1492 927 peccuniam

390 960 432 1005 uo
446 940 474 1004 ei
497 938 638 1016 ostendit,
660 938 743 1001 acsi
767 937 850 1000 illam
874 937 1038 1017 peregrino
1062 941 1185 1000 mortuo
1208 936 1386 999 abstulisset
1422 935 1493 999 Cum

445 1034 545 1093 aulem
569 1027 636 1091 dies
657 1026 784 1103 adesset,
807 1030 840 1089 vt
854 1025 986 1090 domino
1009 1044 1067 1089 suo
1088 1043 1121 1088 se
1144 1028 1336 1107 presentaret,
1359 1025 1495 1105 accipiens

444 1116 598 1182 adextris
627 1133 733 1179 danem
762 1121 791 1177 et
821 1133 952 1196 puerum
984 1132 1075 1178 suum
1107 1132 1238 1195 paruum
1273 1114 1304 1176 in
1335 1114 1446 1194 gremio
1471 1117 1496 1175 et

445 1224 571 1271 uxorem
594 1222 682 1269 suam
697 1222 716 1267 a
729 1204 860 1267 sinistris
874 1204 1031 1283 simulque
1054 1203 1254 1285 pulc(r)inum
1279 1204 1437 1284 paruulum
1459 1202 1497 1265 ire

445 1296 533 1378 oepit.
568 1294 714 1373 Cumque
730 1298 828 1357 castro
843 1292 963 1357 domini
988 1293 1035 1356 sui
1058 1292 1259 1373 appropiaret,
1284 1292 1421 1355 dextrum
1435 1309 1499 1355 crus

390 1406 433 1451 an
447 1403 540 1466 supra
563 1383 691 1448 dorsum
715 1382 873 1463 pulcir)ini
897 1382 945 1445 sui
968 1380 1060 1444 velud
1085 1382 1223 1461 equitans
1247 1382 1352 1462 posuit
1374 1381 1499 1445 interris

446 1494 500 1555 per
537 1473 665 1535 altemm
700 1471 880 1551 gradiendo,
919 1471 1026 1550 sicque
1063 1470 1202 1550 pedester
1239 1470 1278 1533 ed
1314 1475 1439 1535 castrum
1475 1474 1502 1532 et
1590 1470 1591 1547 1

447 1564 506 1644 (Bt.
536 1562 621 1640 39r.)
656 1561 771 1624 curiam
806 1560 997 1624 subintrauit
1051 1560 1126 1634 Quo
1160 1559 1227 1623 viso
1239 1535 1405 1640 *princeps
1435 1578 1500 1622 cum
1590 1548 1591 1639 1

445 1651 613 1715 astantibus
629 1649 802 1713 mirabatur.
836 1648 888 1711 air
910 1649 938 1712 ei
962 1649 1118 1729 princeps:
1146 1648 1224 1713 „Vbi
1249 1653 1294 1711 est
1309 1649 1423 1711 amicus
1437 1654 1502 1711 tuus
1590 1656 1591 1725 1

445 1740 686 1805 fidelissimus?l
723 1738 788 1813 Qui
811 1740 911 1802 statim
935 1738 1073 1817 gladium
1096 1755 1189 1800 suum
1213 1738 1382 1817 euaginans
1403 1756 1501 1801 canem
1590 1736 1591 1805 l

391 1850 432 1895 rso
447 1848 538 1894 suum
562 1830 595 1891 in
618 1832 782 1908 conspectu
807 1828 948 1891 omnium
965 1827 1144 1890 vulnerabat
1165 1825 1203 1888 ad
1228 1827 1419 1907 probandam
1438 1845 1504 1891 vere
1590 1806 1591 1893 1

445 1919 519 1982 iidei
543 1918 714 1999 puritatem.
760 1916 824 1991 Qui
848 1934 919 1980 cum
943 1916 1085 1979 clamaret
1108 1919 1137 1979 et
1167 1916 1286 1995 lugeret
1316 1935 1371 1997 pre
1393 1916 1504 1994 dolore,

446 2010 548 2089 ipsum
572 2006 677 2070 denuo
701 2006 870 2079 reuocauit;
901 2024 1034 2085 cumque
1065 2004 1238 2068 claudicans
1268 2009 1298 2067 et
1327 2006 1507 2085 sanguinans

446 2100 599 2173 remearet,
630 2096 671 2158 ait
693 2096 793 2159 miles:
827 2096 932 2171 „Ecce
963 2094 1099 2172 domine,
1130 2094 1263 2157 amicum
1295 2093 1506 2159 fidelissimum
1590 2122 1591 2133 i

446 2186 520 2249 duxi
553 2186 710 2248 mecumu
759 2184 820 2248 Cui
848 2183 912 2247 ille:
951 2183 1028 2249 „vbi
1059 2188 1104 2246 est
1133 2183 1282 2247 inculator
1313 2185 1424 2249 tuus?‘·
1473 2184 1509 2246 ht

392 2293 433 2339 ras
448 2276 498 2338 ille
515 2274 679 2355 paruulum
695 2273 795 2336 lilium
810 2290 903 2336 suum
920 2274 946 2335 ei
964 2272 1096 2336 ostendit
1111 2271 1228 2335 dicens:
1249 2273 1353 2351 „Ecca
1369 2272 1507 2337 domine!

447 2364 519 2427 Non
543 2367 588 2427 est
617 2363 767 2426 ioculator
793 2363 977 2439 inmundo,
1008 2362 1061 2441 qui
1092 2365 1208 2425 tantum
1239 2361 1388 2425 solacium
1420 2363 1508 2426 michi
1590 2382 1591 2419 l

447 2452 590 2530 conferat
613 2452 692 2516 sicut
714 2451 840 2532 quando
864 2451 963 2514 tilium
980 2468 1083 2513 meum
1100 2454 1169 2514 ante
1185 2468 1234 2513 me
1258 2449 1364 2514 ludere
1387 2451 1506 2516 videoa
1590 2446 1591 2536 1

448 2542 529 2606 Dicit
559 2542 586 2604 ei
614 2542 771 2622 princeps:
806 2540 883 2606 „Vbi
915 2545 961 2604 est
993 2541 1134 2604 inimicus
1164 2541 1276 2603 tuus?¹¹
1317 2539 1382 2614 Qui
1415 2543 1510 2605 statim

446 2633 564 2713 alapam
587 2631 675 2694 uxori
699 2649 754 2694 sue
784 2630 869 2693 dedit
892 2629 1010 2692 dicens:
1046 2629 1171 2704 „Quare
1201 2633 1233 2691 tu
1265 2634 1325 2691 tam
1358 2630 1512 2711 impudice
1590 2681 1591 2706 1

392 2740 433 2786 cao
448 2721 611 2785 dominum
643 2738 747 2783 meum
778 2737 882 2799 regem
915 2718 1080 2782 intuerisi¹⁸
1130 2719 1183 2781 llla
1211 2719 1309 2782 statim
1342 2720 1512 2800 respondit:
1590 2725 1591 2810 1

450 2811 500 2879 „0
539 2809 698 2872 maledicte
741 2807 911 2885 homicida,
956 2826 1051 2887 quare
1096 2826 1146 2870 me
1187 2807 1341 2888 percutis?
1399 2809 1514 2872 Nonne
1590 2813 1591 2868 i

448 2901 478 2964 in
502 2898 599 2962 domo
621 2903 673 2961 tua
701 2898 826 2979 propria
849 2897 1043 2960 lamentabile
1075 2896 1278 2960 homicidium
1313 2900 1513 2978 perpetrasti?
1590 2898 1591 2982 1

448 2989 558 3051 Audite
599 3006 663 3066 me,
710 2986 851 3050 domine!
905 2987 966 3050 Pro
1005 2986 1127 3050 modica
1168 2986 1315 3067 peccunia
1356 2986 1514 3066 quendam
1590 2987 1591 3036 l

448 3096 613 3158 pauperem
663 3077 860 3158 peregrinum
911 3075 1048 3140 occidui
1120 3075 1216 3150 Quod
1260 3075 1347 3138 miles
1384 3075 1516 3140 audiens
1590 3071 1591 3156 1

393 3169 556 3230 auitemm
591 3167 709 3247 alapam
745 3165 772 3228 ei
807 3164 893 3228 dedit
923 3164 1042 3228 dicens:
1084 3164 1134 3230 »Ο
1170 3164 1339 3241 maledicta,
1370 3183 1426 3227 cur
1462 3165 1516 3228 ial-
1590 3169 1591 3236 ξ

447 3273 516 3318 sum
540 3255 656 3319 crimen
679 3255 840 3337 inpingere
863 3272 927 3317 non
952 3251 1143 3317 lormidasil
1188 3253 1260 3327 Que
1283 3253 1381 3316 statim
1406 3253 1517 3318 liuoris
1590 3259 1591 3336 j

447 3347 476 3406 et
514 3344 671 3407 iracundie
708 3344 826 3407 facibus
865 3343 1053 3405 inflammata
1091 3361 1193 3406 coram
1233 3342 1380 3406 omnibus
1417 3344 1517 3407 excla-
1590 3347 1591 3384 ³

449 3430 554 3495 mauit:
589 3433 723 3510 „Veniter
762 3437 792 3496 et
821 3432 981 3496 ostendam
1009 3431 1099 3495 vobis
1127 3431 1239 3509 locum,
1271 3432 1302 3494 in
1330 3449 1394 3511 quo
1421 3433 1516 3496 occisi
1590 3449 1591 3508 j

447 3525 537 3601 caput
575 3527 605 3585 et
642 3540 730 3584 cmra
768 3526 798 3584 et
836 3522 960 3585 brachia
1006 3521 1159 3602 sepeliuit,
1205 3526 1234 3583 et
1267 3521 1438 3598 stabulum,
1484 3523 1516 3584 in

392 3627 433 3672 uo
449 3628 512 3690 quo
543 3614 685 3674 tmncum
717 3610 856 3691 corporis
889 3609 1059 3691 sepeliuit.“
1109 3610 1176 3673 Hec
1214 3610 1257 3672 illi
1287 3609 1446 3673 audientes
1476 3611 1516 3674 ad
1590 3629 1591 3672 ;

448 3698 640 3778 probandam
665 3700 707 3762 rei
735 3699 890 3764 veritatem
917 3700 955 3762 ad
984 3699 1158 3780 hospicium
1182 3699 1285 3762 militis
1309 3704 1517 3780 perrexemnt.

448 3787 633 3852 Precurrens
678 3792 780 3851 autem
816 3789 927 3851 mulier
972 3789 1127 3852 cellarium
1166 3788 1308 3869 apperuit
1344 3792 1373 3851 et
1410 3788 1516 3852 locum

447 3876 587 3954 ostendit,
611 3877 642 3940 in
667 3895 732 3956 quo
748 3894 853 3940 saccus
875 3896 945 3940 cum
967 3878 1106 3942 ¹vitulinis
1129 3878 1273 3940 carnibus
1296 3881 1341 3940 est
1363 3877 1517 3943 defossus.

447 3963 511 4038 Qui
547 3966 667 4029 concito
702 3964 885 4029 effodientes
922 3965 996 4030 visis
1034 3967 1178 4030 carnibus
1215 3969 1398 4046 stupuerunt
1434 3973 1517 4031 astu·
1590 3987 1591 4032 l

393 4071 434 4116 rra
449 4054 589 4132 clamque
612 4053 715 4116 militis
744 4058 966 4133 cognoscentes
996 4055 1100 4135 dignis
1130 4056 1232 4135 ipsum
1264 4054 1407 4118 laudibus
1430 4061 1517 4119 extu-

319 4153 323 4160 ’
448 4143 555 4207 lerunt
594 4143 658 4218 Qui
683 4147 789 4224 postea
804 4160 862 4205 suo
879 4142 1009 4207 domino
1026 4143 1166 4224 specialis
1189 4143 1366 4207 dileccionis
1389 4143 1517 4208 vinculo
1590 4165 1591 4260 1

448 4237 492 4296 est
513 4251 660 4295 annexus.
