3525 5025
671 488 893 549 „25-

247 682 314 727 vero
332 664 457 744 palpato
475 664 576 744 pulsu,
593 664 701 727 iterum
719 664 871 727 etiterum
889 665 978 727 urina
990 670 1132 746 respecta,
1149 667 1264 729 nullam
1281 666 1313 728 in

248 771 277 815 co
294 758 513 833 cognoverunt
528 753 748 816 infirmitatem:
767 754 882 817 amoris
895 754 1037 817 dixerunt
1048 772 1115 819 esse
1126 754 1312 835 passionem.

209 859 228 903 n
250 842 314 906 Hoc
334 841 442 921 agnito
464 842 612 906 dominus
631 843 715 906 venit
733 843 771 905 ad
793 861 863 905 eum
885 848 915 906 et
934 842 1091 923 quaesivit,
1114 843 1139 907 si
1156 862 1218 924 qua
1235 848 1314 907 esset

249 932 356 993 mulier
385 932 418 993 in
447 932 544 995 domo
572 949 629 994 sua
657 950 751 1012 quam
780 931 927 1012 diligeret
976 934 1004 996 5.
1033 932 1082 996 hd
1111 933 1185 995 haec
1210 951 1314 1013 aeger:

249 1019 385 1083 Ostende
410 1021 485 1083 mihi
510 1037 619 1084 omnes
642 1025 711 1084 tuae
726 1021 841 1103 domus
864 1021 1016 1098 mulieres,
1040 1026 1070 1085 et
1091 1022 1117 1085 si
1140 1022 1219 1085 torte
1234 1022 1315 1085 hanc

248 1109 351 1173 videro
376 1109 454 1172 inter
477 1128 540 1187 eas,
564 1110 619 1173 tibi
642 1110 811 1174 ostendam.
844 1146 869 1154 —
902 1110 978 1184 Quo
1000 1110 1106 1174 audito
1129 1109 1264 1174 ostendit
1285 1111 1312 1174 ei

249 1198 420 1261 cantatrices
435 1204 465 1261 et
480 1198 687 1280 pedissequas,
704 1217 835 1279 quarum
849 1200 935 1262 nulla
945 1199 1137 1280 complacuit
1169 1199 1243 1263 Post
1253 1200 1314 1263 hoc

210 1303 230 1347 n
250 1287 378 1350 ostendit
393 1288 421 1350 ei
438 1305 547 1351 omnes
563 1288 651 1351 filias.
689 1289 754 1351 llas
769 1306 897 1369 quoque
912 1287 990 1351 sicut
1005 1292 1034 1351 et
1050 1288 1168 1369 priores
1183 1288 1313 1352 omnino

250 1377 356 1458 repulit
370 1380 464 1457 atque
480 1377 619 1456 neglexit
657 1382 685 1439 6.
709 1377 850 1441 Habebat
864 1382 966 1441 autem
982 1377 1131 1441 dominus
1146 1377 1312 1457 quamdam

251 1466 382 1529 nobilem
408 1466 541 1547 puellam
563 1466 594 1528 in
616 1467 714 1530 domo
733 1484 796 1543 sua,
818 1485 912 1547 quam
933 1465 987 1530 diu
1007 1467 1069 1545 lam
1085 1465 1266 1529 educaverat
1281 1472 1313 1529 ut

251 1574 310 1617 eam
331 1555 483 1636 acciperet
502 1556 534 1619 in
555 1574 692 1633 uxorem,
717 1574 810 1636 quam
831 1560 861 1618 et
880 1555 1014 1619 ostendit
1033 1556 1070 1618 ei.
1115 1556 1216 1636 Aeger
1238 1573 1313 1619 vero

251 1649 363 1725 aspecta
379 1646 437 1708 hac
451 1644 504 1707 ait:
530 1646 574 1707 Ex
589 1645 647 1708 hac
661 1648 705 1708 est
720 1644 796 1707 mihi
813 1662 907 1723 mors,
923 1649 1004 1708 etex
1024 1645 1081 1708 hac
1101 1663 1169 1708 mea
1183 1644 1253 1708 vita.
1278 1681 1303 1689 -

211 1748 232 1792 aa
253 1732 319 1806 Quo
336 1733 442 1797 audito
455 1733 539 1797 dedit
554 1752 647 1814 aegro
660 1734 794 1814 puellam
811 1733 948 1797 nobilem
965 1734 995 1796 in
1017 1751 1145 1797 uxorem
1162 1751 1233 1797 cum
1245 1752 1312 1797 om-

253 1822 338 1885 nibus
354 1840 436 1902 quae
458 1827 521 1885 erat
536 1840 606 1885 cum
623 1841 658 1885 ea
680 1826 866 1903 accepturus,
891 1827 920 1886 et
943 1826 1096 1904 praeterea
1119 1822 1204 1885 dedit
1226 1822 1253 1886 ei
1277 1840 1313 1886 ea

252 1928 324 1988 quae
344 1914 408 1974 erat
427 1911 554 1974 daturus
575 1912 693 1991 puellae
712 1912 738 1975 si
760 1930 826 1975 eam
843 1911 976 1975 duceret.
1009 1948 1035 1955 -
1069 1912 1127 1975 llis
1143 1910 1312 1992 completis,

252 2004 366 2079 accepta
377 2018 474 2064 uxore
490 2004 519 2063 et
534 2000 582 2062 his
598 2018 677 2080 quae
692 2019 763 2064 cum
780 2018 876 2064 uxore
891 2004 1047 2081 acceperat
1061 2004 1091 2064 et
1106 2000 1312 2080 negotiatione

253 2086 323 2150 tacta
345 2087 434 2151 rediit
457 2089 487 2151 in
512 2090 649 2169 patriam.

213 2190 234 2233 u
340 2182 367 2240 t.
392 2177 531 2257 Contigit
550 2182 651 2241 autem
672 2182 743 2259 post
763 2179 836 2242 haec
856 2183 891 2241 ut
909 2178 1113 2259 Aegyptiacus
1132 2176 1238 2241 omnia
1257 2194 1314 2241 sua

255 2266 351 2330 multis
371 2266 474 2330 modis
489 2268 648 2345 amitteret;
673 2272 703 2330 et
726 2285 842 2348 pauper
865 2267 992 2331 ellectus
1016 2266 1158 2347 cogitavit
1172 2266 1255 2347 apud
1279 2285 1313 2331 se

257 2356 334 2431 quod
350 2356 404 2419 iret
425 2355 557 2419 Baldach
573 2356 612 2417 ad
628 2356 760 2419 amicum
777 2374 869 2420 suum
886 2374 978 2437 quem
996 2357 1038 2420 ibi
1054 2356 1194 2433 habebat,
1216 2360 1249 2419 ut
1263 2356 1311 2419 sui

258 2443 447 2508 misereretur.
487 2447 529 2508 lta
549 2463 624 2526 ergo
645 2445 748 2509 nudus
769 2449 798 2508 et
817 2446 976 2509 tamelicus
996 2446 1051 2509 iter
1070 2445 1206 2526 arripuit
1221 2448 1312 2526 atque

259 2532 379 2597 baldach
392 2535 589 2616 intempestae
601 2535 699 2598 noctis
710 2535 832 2600 silentio
843 2535 989 2616 pervenit
1005 2571 1030 2579 -
1051 2541 1079 2598 8.
1093 2534 1199 2597 Pudor
1210 2538 1310 2597 aulem

215 2635 237 2680 u
259 2622 384 2686 obstabat
406 2623 433 2687 ei
458 2642 498 2687 ne
519 2625 608 2687 amici
630 2623 760 2688 domum
781 2624 885 2703 adiret,
909 2642 948 2687 ne
967 2624 1046 2688 torte
1066 2623 1241 2703 incognitus
1261 2623 1311 2686 tali

259 2713 384 2792 tempore
395 2713 435 2777 de
447 2713 544 2777 domo
553 2713 723 2793 pelleretur.
747 2713 911 2794 Templum
924 2731 999 2793 ergo
1011 2712 1170 2794 quoddam
1184 2712 1311 2787 intravit,

260 2804 289 2861 ut
302 2801 410 2865 ibidem
427 2807 626 2884 pernoctaret.
651 2802 712 2866 Sed
728 2821 825 2882 quum
843 2801 886 2866 ibi
902 2803 1011 2866 anxius
1027 2802 1122 2865 mulla
1136 2818 1240 2864 secum
1257 2799 1311 2862 diu

260 2890 381 2954 volveret
400 2896 601 2956 occurremnt
620 2892 647 2954 ei
668 2891 732 2954 duo
749 2891 805 2954 viri
829 2909 927 2972 prope
950 2891 1098 2972 templum
1123 2889 1163 2953 de
1186 2889 1312 2966 civitate,

261 2996 381 3056 quorum
397 2999 479 3044 unus
494 2980 588 3043 alium
605 2981 759 3058 interfecit,
776 2981 917 3060 clamque
931 2979 1059 3060 aufugit.
1086 2986 1115 3043 9.
1130 2978 1219 3041 Multi
1236 2996 1311 3058 ergo

218 3079 240 3124 n
261 3065 293 3128 de
307 3069 416 3133 civitate
433 3075 558 3151 propter
569 3070 727 3151 strepitum
741 3073 931 3133 accurrentes
943 3068 1134 3131 interfectum
1148 3067 1311 3147 reperiunt,

261 3160 285 3217 et
304 3164 477 3237 quaerentes
500 3158 642 3239 quisnam
667 3156 869 3222 homicidium
895 3161 1095 3238 perpetrasset
1125 3156 1313 3219 intraverunt

260 3247 403 3327 templum,
420 3251 577 3329 sperantes
593 3247 708 3311 ibidem
722 3247 909 3310 homicidam
926 3245 1067 3327 reperire.
1091 3238 1311 3326 'llegyptiacum

259 3351 323 3398 vero
343 3337 386 3400 sic
405 3337 468 3400 illic
488 3337 650 3418 reperiunt,
674 3341 704 3400 et
725 3336 908 3400 sciscitantes
931 3336 970 3398 ab
993 3354 1032 3398 eo
1052 3335 1194 3415 quisnam
1210 3334 1311 3398 vimm

261 3420 443 3490 interfecisset
462 3425 627 3489 audierunt
641 3426 680 3489 ab
696 3443 747 3489 eo:
773 3427 838 3504 Ego
855 3425 989 3488 interfeci
1006 3442 1087 3487 eum.
1114 3460 1139 3468 —
1168 3431 1217 3486 1ο.
1234 3424 1312 3487 Pau-

221 3521 240 3564 n
261 3517 389 3588 pertatem
413 3516 496 3578 enim
520 3532 608 3578 suam
632 3519 730 3578 morte
753 3515 858 3578 saltem
882 3514 973 3577 finire
995 3513 1145 3594 cupiebat.
1194 3512 1312 3594 Captus

262 3598 349 3680 itaque
368 3609 396 3666 et
415 3605 616 3668 incarceratus
637 3609 689 3667 est.
730 3604 822 3666 Mane
842 3607 943 3666 autem
959 3603 1046 3680 tacto,
1063 3602 1228 3684 perductus
1243 3607 1312 3666 ante

261 3685 364 3764 judices
379 3698 407 3756 et
422 3697 522 3756 morte
537 3693 767 3771 condemnatus,
783 3692 906 3756 ducitur
919 3692 959 3755 ad
975 3710 1106 3756 crucem.
1131 3692 1220 3754 Multi
1237 3710 1312 3772 ergo

262 3774 294 3838 de
313 3798 393 3846 more
412 3785 619 3860 occurrerunt,
644 3800 778 3863 quorum
801 3799 883 3846 unus
904 3781 961 3844 fuit
980 3782 1097 3845 amicus
1117 3799 1200 3859 suuS,
1224 3780 1313 3860 cuius

262 3883 339 3932 causa
356 3872 469 3935 adierat
486 3871 627 3934 baldach.
660 3873 720 3935 llic
738 3871 856 3944 acutius
876 3889 946 3934 eum
971 3870 1094 3934 intuens
1109 3869 1313 3951 deprehendit

221 3961 318 4019 besse
335 3961 465 4024 amicum
486 3979 579 4041 quem
601 3960 632 4022 in
653 3960 793 4041 Aegypto
819 3960 989 4040 reliquerat
1027 3969 1078 4022 tt.
1103 3958 1312 4028 Reminiscens

262 4041 349 4125 itaque
372 4050 528 4113 bonorum
552 4066 631 4129 quae
658 4049 717 4113 sibi
746 4049 777 4111 in
802 4049 943 4130 Aegypto
966 4049 1083 4124 fecerat
1113 4047 1312 4127 cogitansque

262 4135 335 4209 quod
351 4143 418 4218 post
438 4143 568 4202 mortem
585 4139 612 4201 ei
629 4138 796 4201 retribuere
812 4155 875 4200 non
894 4141 1017 4218 poterat,
1034 4139 1163 4199 mortem
1180 4154 1238 4216 pro
1258 4136 1312 4198 illo

262 4235 289 4284 sc
306 4226 403 4291 subire
423 4227 564 4292 decrevit.
604 4229 687 4291 Voce
708 4245 783 4306 ergo
805 4244 918 4306 magna
938 4225 1090 4289 clamavit:
1114 4223 1201 4297 Quid
1223 4224 1312 4286 inno·
