3525 5025
695 532 917 593 ..35-

260 726 373 773 eorum
399 726 484 788 quae
504 707 655 771 restabant
669 706 772 771 adhuc
786 705 969 787 expectabat
1005 707 1041 769 Et
1056 706 1096 768 ita
1111 706 1197 771 bono
1213 705 1340 787 ingenio

209 816 248 862 rau
262 798 385 862 vetulae
411 796 531 860 reddita
553 796 611 859 tuit
632 796 699 860 viro
722 813 844 859 summa
867 793 1022 876 pecuniae.

678 938 785 1003 xvhl.
835 943 930 1002 1-8.

357 1075 386 1128 1.
414 1064 539 1128 Dictum
563 1067 608 1127 est
635 1063 674 1126 de
703 1062 841 1142 quodam
872 1062 966 1126 divite
996 1061 1027 1124 in
1058 1061 1206 1126 civitatem
1239 1066 1339 1142 eunte,

261 1154 351 1235 quod
376 1154 535 1217 sacculum
560 1153 643 1215 mille
665 1152 784 1215 talentis
806 1151 933 1232 plenum
956 1168 1060 1215 secum
1084 1149 1221 1227 deferret,
1245 1155 1275 1215 et
1293 1151 1339 1214 in·

261 1262 360 1325 super
382 1260 513 1305 aureum
537 1246 709 1322 serpentem
740 1241 849 1305 oculos
879 1241 1041 1305 habentem
1071 1240 1284 1321 hyacinthinos
1306 1240 1338 1304 in

262 1332 390 1397 sacculo
414 1331 537 1395 eodem.
583 1329 680 1406 Quod
703 1334 801 1393 tolum
829 1330 923 1393 simul
950 1329 1058 1392 amisit
1103 1328 1241 1405 Quidam
1264 1348 1339 1393 uero

211 1441 249 1485 uo
264 1440 387 1504 pauper
417 1420 610 1484 iterfaciens
638 1419 714 1482 illud
744 1418 868 1496 invenit,
898 1417 1045 1498 deditque
1077 1418 1166 1482 uxori
1195 1436 1278 1493 suae,
1310 1423 1341 1483 et

263 1510 433 1593 quomodo
454 1510 486 1571 in
502 1509 634 1573 venisset
656 1508 765 1572 retulit.
803 1506 918 1571 Mulier
937 1508 998 1571 hoc
1012 1505 1141 1571 audiens
1163 1508 1216 1571 ait:
1240 1507 1337 1584 Quod

265 1600 356 1664 Deus
378 1599 467 1663 dedit
489 1596 708 1662 custodiamus.
736 1631 769 1643 -

358 1697 388 1751 2.
413 1687 481 1751 ntia
491 1686 543 1749 die
559 1704 669 1767 praeco
685 1704 741 1767 per
755 1686 836 1749 viam
853 1686 894 1747 ita
911 1684 1065 1749 clamavit:
1082 1685 1146 1761 Qui
1162 1686 1252 1749 talem
1268 1705 1339 1751 cen·

263 1797 335 1843 sum
355 1776 481 1854 invenit,
498 1775 613 1854 reddat,
629 1780 659 1839 et
672 1776 791 1855 absque
805 1774 912 1855 aliquo
928 1773 1067 1840 ioriiacto
1087 1779 1209 1839 centum
1229 1776 1338 1839 talenta

214 1884 251 1931 na
266 1867 341 1931 inde
365 1866 502 1946 accipiat
532 1900 564 1911 —
594 1864 679 1927 Haec
700 1864 830 1928 audiens
854 1864 997 1928 inventor
1018 1881 1128 1928 census
1150 1862 1227 1927 dixit
1248 1865 1337 1929 uxori

263 1975 355 2020 suae:
381 1954 562 2024 Reddamus
576 1971 713 2031 censum,
729 1958 758 2016 et
778 1952 850 2016 inde
871 1952 990 2033 absque
1009 1952 1115 2033 aliquo
1130 1957 1253 2034 peceato
1267 1972 1338 2018 cen-

263 2050 330 2109 turn
357 2045 471 2107 talenta
494 2042 671 2107 habeamus.
690 2078 716 2086 —
735 2041 796 2106 Cui
820 2042 932 2105 mulier
952 2041 1006 2105 ait:
1029 2041 1061 2106 Si
1086 2042 1173 2105 Deus
1192 2042 1340 2107 voluisset

266 2135 355 2198 illum
373 2134 460 2196 hunc
474 2149 601 2195 censum
618 2131 739 2209 habere,
756 2148 820 2194 non
841 2130 1007 2195 amississet
1026 2149 1107 2196 eurn.
1133 2131 1230 2206 Quod
1252 2131 1338 2197 Deus

265 2222 396 2288 donavit
427 2221 645 2285 custodiamus.
669 2256 695 2265 -
719 2227 747 2285 3.
780 2220 925 2284 Inventor
955 2237 1066 2284 census
1097 2224 1130 2283 ut
1161 2219 1339 2284 redderetur

218 2329 254 2375 uo
267 2311 447 2377 elaboravit.
470 2310 510 2374 nt
521 2310 587 2391 ipsa
598 2308 784 2374 omnimodo
795 2308 977 2389 denegabat
1002 2310 1039 2372 Et
1048 2327 1130 2386 eum,
1142 2309 1232 2373 vellet
1244 2310 1339 2375 nollet

267 2402 387 2479 mulier,
406 2400 556 2464 dominus
571 2398 712 2477 reddidit,
733 2402 763 2461 et
777 2397 864 2479 quod
881 2403 992 2479 praeco
1007 2398 1189 2479 promiserat
1206 2399 1338 2480 expetiit

268 2490 365 2555 Diues
380 2493 484 2553 autem
498 2487 608 2570 plenus
621 2487 755 2570 nequitia
767 2487 819 2551 ait:
835 2487 948 2552 Adhuc
962 2486 1057 2551 alium
1074 2486 1149 2551 mihi
1164 2492 1337 2570 serpentem

266 2580 374 2644 deesse
398 2579 507 2643 sciatis
536 2613 563 2622 -
589 2579 674 2642 Haec
696 2596 790 2659 prava
813 2577 981 2641 intentione
1003 2576 1131 2656 dicebat,
1154 2582 1188 2642 ut
1211 2579 1337 2660 pauperi

269 2669 391 2734 homini
409 2668 520 2730 talenta
535 2684 599 2731 non
616 2666 755 2730 redderet
770 2667 931 2747 promissa
955 2666 1076 2747 Pauper
1086 2684 1161 2731 vero
1177 2667 1253 2729 nihil
1268 2668 1338 2749 plus

220 2775 256 2820 ur
269 2776 301 2821 se
317 2757 475 2822 invenisse
490 2756 617 2820 dicebat.
642 2764 671 2818 4.
683 2755 722 2819 nt
737 2756 880 2820 homines
895 2755 1021 2819 civitatis
1037 2755 1118 2819 illius
1133 2755 1218 2819 diviti
1234 2757 1338 2819 laven·

268 2851 311 2911 tes
326 2845 458 2929 pauperi
479 2846 671 2925 derogantes,
692 2844 882 2908 inexorabile
902 2849 1009 2909 contra
1022 2844 1178 2908 fortunam
1195 2846 1338 2927 pauperis

268 2935 376 3001 odium
402 2938 551 3015 gerentes,
575 2934 662 2998 illum
686 2933 724 2997 ad
747 2933 893 3014 justitiam
918 2938 1170 3014 provocavenrnt.
1216 2933 1339 3016 Pauper

268 3030 368 3089 autem
382 3023 555 3102 clamando,
568 3028 706 3104 utsupra
717 3023 832 3086 dictum
842 3026 894 3101 est,
905 3039 940 3086 se
952 3022 1028 3086 nihil
1039 3023 1172 3104 amplius
1184 3023 1337 3088 invenisse

268 3114 387 3192 juravit.
418 3111 480 3177 Sed
503 3113 578 3176 dum
599 3130 704 3177 senno
725 3112 939 3192 hujuscemodi
956 3130 1128 3193 pauperum
1144 3112 1338 3192 divitumque

222 3219 258 3265 rso
271 3222 325 3283 per
344 3221 402 3267 ora
421 3202 612 3280 discurreret
636 3201 782 3265 ministris
797 3201 998 3265 referentibus
1013 3201 1136 3264 tandem
1152 3219 1241 3266 aures
1257 3203 1338 3282 regis

269 3292 426 3372 percussit
468 3293 497 3355 5.
521 3289 586 3365 Qui
603 3308 701 3370 quum
717 3289 843 3367 audivit,
860 3290 987 3354 divitem
1004 3295 1034 3353 et
1049 3308 1224 3372 pauperem,
1243 3291 1336 3355 simui
1378 3318 1384 3329 ·

271 3385 299 3443 et
312 3381 477 3462 pecuniam
498 3379 557 3443 sibi
574 3379 758 3460 praesentari
775 3380 935 3460 praecepit
975 3378 1123 3443 Adductis
1138 3379 1286 3444 omnibus
1308 3385 1338 3444 et

272 3469 494 3551 philosophum
509 3468 700 3532 Auxilium
725 3469 949 3532 miserorum
973 3487 1044 3532 cum
1059 3468 1127 3533 aliis
1147 3469 1338 3550 sapientibus

272 3558 309 3621 ad
323 3577 357 3623 se
373 3558 502 3636 vocavit,
518 3557 647 3638 ejusque
661 3558 845 3621 accusatoris
856 3575 964 3622 vocem
981 3562 1011 3621 et
1029 3559 1158 3622 accusati
1178 3557 1286 3622 audire
1308 3564 1339 3623 et

225 3661 260 3708 us
274 3647 406 3711 enodare
433 3646 595 3728 praecepit.
648 3646 858 3727 Philosophus
886 3647 961 3711 haec
989 3647 1131 3726 audiens,
1163 3652 1337 3713 commotus

273 3735 377 3816 pietate
401 3736 553 3817 pauperis,
576 3735 630 3799 ait:
654 3735 826 3799 huxiliante
843 3735 913 3801 Deo
935 3740 965 3799 te
988 3736 1117 3799 liberare
1139 3736 1285 3801 conabor.
1301 3773 1328 3782 -

273 3825 409 3888 adhaec
425 3842 554 3906 pauper:
578 3824 640 3888 Scit
657 3824 743 3889 Deus
758 3824 845 3905 quod
862 3824 983 3888 reddidi
999 3830 1149 3905 quantum
1166 3826 1279 3891 inveni.
1301 3862 1328 3872 -

275 3917 302 3976 ό,
315 3915 404 3977 Tunc
420 3913 627 3995 philosophus
642 3914 718 3977 dixit
732 3914 771 3976 ad
788 3932 905 3996 regem:
922 3914 953 3979 Si
967 3919 1081 3978 rectum
1099 3914 1172 3977 inde
1185 3914 1336 3994 judicium

275 4003 360 4068 vobis
382 4003 490 4066 audire
507 4002 660 4084 placuerit,
684 4002 794 4067 dicam.
811 4039 837 4048 -
856 4003 920 4073 Rex
944 4004 1019 4066 haec
1040 4002 1177 4080 audiens,
1201 4008 1235 4066 ut
1255 4005 1336 4085 judi-

228 4103 263 4149 no
277 4097 350 4156 erret
373 4092 501 4172 rogavit
549 4092 637 4156 Tunc
660 4093 865 4174 philosophus
889 4093 954 4172 regi
976 4093 1030 4155 ait:
1054 4093 1111 4156 iste
1130 4093 1227 4155 homo
1251 4093 1337 4158 dives

276 4179 373 4244 bonus
396 4185 442 4245 est
464 4181 604 4258 multum,
633 4185 662 4244 et
685 4199 749 4245 non
773 4185 818 4245 est
840 4180 987 4244 credibile
1009 4199 1081 4244 eum
1104 4181 1222 4260 aliquid
1246 4181 1337 4245 inter-

277 4286 380 4349 rogare
395 4269 482 4350 quod
498 4287 563 4334 non
580 4270 738 4334 amisisset.
785 4271 830 4333 Ex
849 4269 908 4332 alia
923 4274 1007 4350 parte
1023 4270 1099 4333 mihi
1114 4268 1235 4331 videtur
1249 4270 1336 4348 quod

1178 4385 1212 4436 3·
