3525 5025
816 546 1052 603 -118-

759 717 835 798 Cap.
862 722 900 781 19
927 718 986 796 (BL
1013 718 1105 797 tou).

716 820 760 878 De
777 821 922 893 elephante
940 824 966 877 et
985 820 1147 893 virginibus.

349 950 390 996 rao
495 934 563 995 Erat
585 932 711 1013 quidam
735 932 907 1013 imperator,
931 930 985 1012 qui
1009 932 1115 996 habuit
1135 933 1291 1013 quandam
1315 933 1478 1011 forestam,

403 1022 434 1085 in
458 1040 519 1103 qua
542 1028 605 1085 erat
626 1021 759 1102 elephas
782 1022 831 1085 cui
855 1039 948 1084 nemo
972 1021 1103 1084 audebat
1125 1022 1365 1103 apropinquare.
1408 1024 1480 1085 hlec

402 1111 531 1175 audiens
554 1112 751 1191 imperatore
768 1110 962 1190 philosophis
979 1115 1116 1173 naturam
1133 1110 1303 1191 elephantis
1328 1112 1479 1192 quesiuit

404 1200 448 1263 llli
478 1217 552 1264 vero
582 1199 810 1280 respondebant
840 1204 869 1262 et
898 1199 1053 1277 dixerunt,
1085 1200 1173 1280 quod
1203 1200 1340 1280 virgines
1370 1201 1480 1264 nudas

403 1290 532 1351 multum
557 1288 697 1369 diligeret
718 1306 753 1351 ac
775 1288 807 1351 in
831 1292 920 1351 oantu
936 1305 1042 1352 eanrm
1059 1288 1268 1352 delectaretur.
1303 1291 1480 1370 Imperator

351 1396 390 1443 rao
403 1378 502 1442 statim
519 1379 628 1441 iecerat
643 1377 756 1457 inquiri
772 1377 850 1441 duas
865 1376 983 1458 puellas
998 1377 1175 1458 pulcriores,
1196 1395 1274 1458 quas
1290 1379 1320 1440 in
1339 1379 1480 1460 imperio

403 1468 542 1531 habebat.
579 1468 704 1530 lnuente
727 1471 798 1530 sunt
820 1466 881 1530 due
905 1466 1048 1546 virgines.
1085 1466 1185 1530 Ambe
1209 1467 1355 1531 forestam
1380 1468 1477 1530 intra·

403 1557 477 1619 bant
490 1556 618 1620 tobliter
633 1555 794 1620 denudate.
828 1556 897 1619 Vna
919 1555 1035 1636 peluim
1059 1554 1182 1636 accepit,
1206 1556 1298 1619 altera
1321 1556 1479 1637 gladium,

403 1650 432 1709 et
454 1646 633 1726 inceperunt
659 1644 788 1708 dulciter
817 1648 936 1707 cantare
966 1663 1022 1726 per
1049 1644 1202 1709 forestam.
1251 1646 1318 1709 Hec
1341 1646 1482 1709 audiens

403 1734 526 1815 elephas
548 1735 631 1797 venit
652 1733 690 1796 ad
714 1751 765 1797 eas
780 1737 809 1796 et
828 1734 908 1814 cepit
931 1733 1081 1796 mamillas
1104 1750 1209 1796 earum
1235 1734 1380 1798 lambere.
1426 1736 1480 1799 llle

351 1842 390 1887 uo
404 1828 525 1886 cantum
549 1823 768 1887 continuabant
789 1822 914 1901 tamdiu,
945 1840 1088 1902 quosque
1111 1822 1235 1903 elephas
1263 1824 1422 1904 requieuit
1447 1824 1480 1887 in

402 1912 522 1993 gremio
534 1911 608 1988 eius,
625 1930 685 1992 que
702 1912 817 1993 peluim
836 1912 983 1992 portabat.
1007 1911 1113 1974 Puella
1127 1911 1185 1974 alia
1200 1912 1308 1976 videus
1325 1913 1480 1995 elephan-

402 2006 463 2065 tem
486 2001 622 2064 dormire
638 2019 708 2064 cum
725 2001 828 2081 gladio
844 2001 931 2063 illum
948 2001 1066 2064 occidit.
1091 2000 1197 2063 Puella
1211 2001 1270 2064 alia
1285 2004 1479 2083 sanguinem

403 2090 434 2153 in
451 2090 533 2171 pelui
549 2090 670 2171 accepit,
694 2095 723 2153 et
738 2090 777 2153 de
793 2089 846 2153 illo
862 2090 1012 2169 sanguine
1029 2108 1081 2152 rex
1104 2089 1175 2153 lecit
1197 2090 1264 2154 lieri
1289 2110 1479 2173 purpuram.

760 2267 835 2349 Cap.
860 2276 902 2329 22
928 2268 986 2347 (Βὶ.
1016 2275 1047 2330 11
1062 2268 1109 2347 n).

563 2369 607 2425 De
624 2386 695 2441 rege,
720 2369 768 2442 qui
787 2368 848 2425 lilio
867 2370 1003 2441 pigritiori
1023 2386 1140 2441 regnum
1160 2370 1305 2441 disposuit.

492 2482 660 2547 Pollemius
684 2483 714 2545 in
731 2481 850 2547 ciuitate
867 2482 1036 2564 Babylonie
1052 2483 1200 2563 regnauit,
1225 2484 1278 2564 qui
1301 2489 1364 2548 tres
1389 2485 1480 2550 tilios

349 2589 389 2636 ua
405 2572 543 2650 habebat,
574 2589 654 2652 quos
684 2572 813 2635 multum
845 2571 958 2635 dilexit.
1004 2572 1093 2636 Vnde
1116 2591 1171 2653 per
1199 2590 1233 2636 se
1256 2573 1414 2653 cogitabat
1439 2575 1480 2638 de

404 2679 501 2742 regno
523 2678 581 2725 suo
605 2661 779 2741 disponere.
818 2661 948 2724 Vocauit
970 2665 1030 2724 tres
1052 2661 1135 2724 lilios
1158 2679 1233 2725 suos
1256 2679 1360 2725 coram
1385 2682 1424 2728 se
1450 2669 1480 2729 et

402 2752 455 2813 ait:
482 2750 581 2824 „Quis
604 2755 738 2813 vestrum
762 2755 807 2814 cst
829 2749 996 2831 pigricior?
1039 2750 1090 2814 llle
1114 2768 1244 2830 regnum
1270 2769 1375 2814 meum
1404 2759 1479 2833 post
1590 2797 1591 2802 κ

402 2840 561 2903 decessum
590 2857 694 2902 meum
723 2839 910 2919 occupabit.a
958 2838 1009 2901 Α11
1031 2839 1162 2920 primus:
1198 2839 1363 2917 „Domine
1395 2861 1479 2923 ergo

402 2928 495 2992 michi
519 2929 648 2992 debetur
670 2945 809 3008 regnum,
838 2933 867 2991 et
890 2928 946 2992 bec
969 2932 1013 2992 est
1036 2928 1121 2992 ratio.
1167 2928 1255 2991 Adeo
1279 2928 1367 3009 piger
1390 2948 1478 3010 sum,

350 3036 389 3082 roo
404 3018 498 3098 quod,
530 3018 656 3097 quando
679 3017 718 3079 ad
747 3017 849 3096 ignem
874 3017 976 3095 sedeo,
1008 3017 1093 3098 prius
1115 3035 1186 3080 crus
1210 3017 1240 3079 in
1265 3036 1303 3081 eo
1325 3021 1479 3084 comburi

403 3107 553 3189 permitte,
563 3125 654 3188 quarn
669 3106 745 3170 illud
756 3107 905 3169 retraham
918 3106 957 3169 ab
970 3106 1049 3187 ignis
1062 3106 1234 3170 incendio.¹¹
1252 3106 1302 3169 Α11
1313 3110 1479 3173 secundus
1590 3183 1591 3186 Ἴ

402 3196 498 3260 tilius:
525 3196 610 3276 „Ego
626 3214 695 3259 sum
711 3194 818 3276 apcior
831 3195 870 3257 ad
887 3195 1093 3275 regnandum;
1119 3214 1190 3258 narn
1211 3214 1283 3259 cum
1304 3196 1415 3260 turrem
1442 3199 1476 3261 in
1590 3192 1591 3268 i

402 3284 483 3350 collo
507 3285 635 3348 habeam
660 3289 689 3348 et
711 3303 785 3349 mox
800 3284 948 3365 suspendi
965 3284 1094 3348 debeam
1111 3288 1140 3348 et
1162 3285 1300 3365 gladium
1325 3285 1355 3347 in
1374 3305 1476 3351 manu
1590 3291 1591 3370 ἲ

403 3379 530 3454 teneam,
554 3378 679 3455 propter
702 3391 844 3454 magnam
869 3373 1026 3455 pigriciam
1050 3374 1088 3436 ad
1113 3373 1317 3437 scindendum
1340 3376 1476 3440 cordam
1590 3377 1591 3462 l

350 3481 468 3528 thenon
497 3463 624 3545 porrigo
652 3480 778 3526 manum
807 3477 935 3525 meam.u
984 3463 1034 3526 Α11
1055 3462 1178 3526 tercius:
1212 3462 1378 3541 „Domine
1410 3484 1477 3546 ego

402 3571 530 3633 regnare
546 3553 655 3630 debeo,
679 3553 751 3633 quia
775 3553 805 3615 in
830 3551 956 3633 pigricia
972 3558 1088 3616 ceteros
1103 3552 1258 3616 antecede.
1293 3551 1476 3633 Resupinus

402 3641 483 3705 enirn
508 3642 540 3704 in
565 3641 641 3704 lecto
665 3642 757 3717 iace0,
781 3644 810 3704 et
832 3641 922 3704 stillat
944 3659 1037 3723 super
1052 3645 1215 3720 virumque
1238 3642 1363 3705 oculum
1380 3660 1475 3722 aqua,
1590 3667 1591 3676 ¹

402 3734 432 3792 et
454 3733 578 3810 propter
600 3748 753 3794 summam
770 3730 928 3811 pigriciam
943 3749 960 3793 a
976 3735 1067 3795 stratu
1085 3748 1156 3794 meo
1173 3748 1236 3794 non
1253 3748 1302 3793 me
1319 3748 1475 3796 remoueo
1590 3735 1591 3746 ¹

401 3818 440 3880 ad
464 3821 579 3899 partem
604 3818 739 3882 dextram
764 3819 811 3882 vel
835 3819 1015 3882 sinistram.⁴¹
1061 3819 1125 3889 Rex
1149 3837 1218 3882 cum
1243 3818 1303 3882 hoc
1325 3820 1474 3897 audisset,
1590 3881 1591 3888 ,

349 3925 389 3970 roo
404 3905 431 3968 ei
455 3924 586 3986 regnum
610 3906 729 3987 legauit,
753 3912 897 3988 reputans
920 3927 991 3972 eum
1016 3908 1219 3990 pigriciorem.

759 4067 835 4149 Cap.
860 4070 899 4132 25
928 4069 987 4147 (Βὶ.
1015 4069 1106 4148 12η).

705 4167 748 4225 De
766 4185 850 4226 vxore
869 4170 964 4226 militis
983 4172 1009 4224 et
1027 4173 1159 4239 serpente.

493 4276 676 4356 Fulgentius
692 4280 837 4354 regnauit,
862 4280 893 4338 in
917 4277 1005 4332 cuins
1029 4295 1125 4338 recrno
1141 4284 1204 4341 erat
1227 4278 1353 4358 quidam
1372 4281 1470 4360 miles,
