3525 5025
822 517 1065 578 —156—

412 707 508 770 quare
541 689 573 754 in
608 691 730 772 magnis
761 690 1052 772 sollempnitatibus,
1094 691 1125 754 in
1160 692 1277 772 quibus
1309 711 1380 756 cum
1412 694 1479 757 aliis
1592 674 1593 694 ³

412 777 548 860 gaudere
569 779 734 858 debuisset
755 780 848 844 tristis
862 785 892 844 et
908 781 1012 844 nescio
1027 781 1129 861 qualia
1151 782 1288 861 cogitans
1312 781 1478 857 incedebat,

414 869 590 949 multosque
611 887 650 932 ex
679 869 729 932 tali
756 873 843 949 gestu
866 869 1098 934 scandalizabat
1143 869 1204 934 Cui
1228 889 1280 935 rex
1302 871 1355 934 ait:
1389 871 1479 946 ⁴¹Que

414 957 493 1022 iacio
515 963 547 1022 tu
571 957 669 1022 modo
692 959 797 1036 nescis,
824 958 902 1022 scies
924 963 1026 1022 autem
1050 964 1183 1040 postea*¹
1233 960 1403 1029 Recedente
1426 961 1480 1024 illo

359 1069 387 1112 oo
413 1046 452 1110 ad
476 1047 649 1127 hospicium
672 1065 766 1111 suum
785 1065 892 1112 servos
914 1065 989 1112 suos
1012 1067 1082 1111 eum
1107 1048 1228 1114 bucinis
1243 1049 1325 1112 misit
1341 1068 1394 1112 rex
1410 1053 1481 1131 post

414 1153 495 1200 eum.
530 1136 600 1200 Erat
612 1141 714 1200 autem
730 1137 923 1200 consuetudo
946 1137 977 1200 in
1002 1155 1100 1217 regno
1122 1137 1208 1218 quod
1231 1138 1358 1218 quando
1383 1139 1480 1202 homo
1593 1139 1594 1154 ,

413 1225 604 1306 adjudicatus
626 1230 706 1289 esset
727 1226 819 1290 morti
833 1231 903 1290 ante
919 1225 1054 1290 hostium
1079 1227 1193 1290 domus
1216 1227 1282 1307 eius
1304 1245 1375 1290 cum
1397 1228 1482 1292 tubis

415 1313 544 1378 ministri
567 1313 757 1394 clangebant
789 1314 1028 1379 Buccinantibus
1052 1316 1144 1395 igitur
1165 1317 1261 1379 servis
1284 1316 1365 1396 regis
1389 1317 1482 1380 frater

414 1405 481 1484 ejus
502 1405 699 1468 vehementer
727 1404 848 1484 expavit
874 1409 905 1468 et
930 1421 963 1467 se
987 1409 1116 1467 mortem
1141 1423 1204 1468 non
1237 1423 1327 1486 posse
1349 1405 1482 1469 evadere

359 1517 389 1562 aa
415 1512 474 1575 pro
496 1497 580 1557 certo
601 1492 738 1556 credidit
773 1491 878 1557 Statim
902 1497 1012 1570 autem,
1036 1494 1113 1556 sicut
1135 1511 1188 1556 rex
1210 1493 1345 1573 iusserat,
1369 1494 1483 1574 ligatus

414 1583 454 1646 ad
477 1581 559 1662 regis
581 1581 730 1662 palacium
755 1587 801 1646 est
821 1582 945 1659 duelus;
976 1586 1048 1646 tunc
1074 1582 1163 1661 jussit
1185 1583 1331 1663 expoliari
1354 1601 1428 1646 cum
1454 1588 1484 1646 et
1594 1595 1595 1610 ²

414 1673 470 1734 tria
491 1671 610 1751 spicula
631 1675 719 1734 acuta
739 1671 885 1752 applicari
915 1671 1012 1734 ventn'
1036 1670 1103 1750 eius
1126 1675 1156 1734 et
1183 1671 1326 1734 lateribus
1348 1676 1379 1734 ct
1402 1691 1483 1750 ecce,

415 1761 493 1826 sicut
515 1779 568 1824 rex
590 1759 792 1838 ordinaverat
821 1760 908 1824 mimi
932 1765 961 1824 et
986 1759 1170 1840 joculatores
1196 1761 1354 1824 astiterunt
1376 1765 1407 1823 et
1429 1761 1482 1824 alii

415 1854 569 1914 cantantes
591 1853 621 1913 et
646 1851 775 1914 choreas
812 1849 956 1913 dicentes.
1015 1849 1116 1912 Frater
1148 1853 1249 1913 autem
1285 1850 1366 1930 regis
1403 1851 1485 1912 inter

361 1959 401 2006 roo
416 1939 540 2004 letantes
562 1939 795 2004 contristabatur
817 1943 847 2002 et
868 1938 999 2019 lugebat.
1033 1936 1094 2001 Cui
1118 1956 1170 2001 rex
1189 1939 1243 2002 ait:
1270 1937 1393 2013 uQuare
1409 1957 1482 2002 cum

415 2029 480 2093 istis
493 2027 700 2110 gaudentibus
714 2045 779 2092 non
794 2028 952 2108 gaudes?u
985 2027 1024 2090 ht
1039 2026 1101 2090 ille:
1128 2027 1293 2105 „Domine
1316 2028 1483 2108 quomodo
1595 2061 1596 2064 π

413 2118 581 2198 gauderem
605 2135 675 2180 cunr
700 2116 807 2180 mortis
829 2116 1008 2180 sententiam
1030 2116 1130 2179 statim
1154 2119 1350 2197 expectemiu
1393 2117 1484 2182 Tunc

415 2225 468 2270 rex
491 2207 626 2287 precepit
651 2224 724 2269 eum
753 2205 832 2269 solvi
856 2210 886 2268 et
907 2205 1008 2268 vestiri
1032 2209 1062 2268 et
1082 2205 1136 2268 ait:
1163 2206 1275 2268 “Nunc
1296 2206 1335 2268 ad
1359 2224 1485 2286 eaque

415 2295 540 2376 quesisti
572 2294 769 2376 respondebo
799 2295 862 2373 tibi,
893 2295 974 2358 situ
1005 2294 1130 2357 timuisti
1158 2299 1188 2358 et
1217 2295 1411 2358 contristatus
1439 2313 1483 2372 es,

362 2383 543 2466 ructuando
578 2384 771 2448 bucinatores
809 2401 897 2448 meos
933 2383 1083 2461 audivisti,
1122 2387 1152 2447 et
1184 2401 1244 2463 ego
1281 2401 1351 2446 cum
1386 2384 1485 2448 audio

416 2475 629 2540 buccinatores
649 2473 763 2538 summi
795 2473 876 2554 regis
900 2477 928 2537 et
950 2472 1055 2537 tubam
1079 2471 1184 2536 divine
1214 2472 1431 2554 predicationis
1454 2479 1485 2539 et

415 2583 528 2630 sonum
552 2564 625 2628 tube
647 2563 790 2627 terribilis
811 2563 917 2643 iudicii
934 2562 1046 2640 recolo,
1069 2563 1177 2627 merito
1194 2563 1292 2643 magis
1307 2580 1484 2643 espavesc0,

416 2654 573 2735 presertim
612 2672 683 2717 cum
722 2652 777 2715 tria
814 2652 932 2732 spicula
972 2651 1145 2715 acutissima
1182 2651 1298 2732 quibus
1336 2653 1485 2716 continue

417 2760 542 2825 pungor
563 2742 643 2805 circa
666 2761 716 2806 me
737 2741 874 2820 sentiam,
905 2758 1039 2821 quorum
1070 2758 1152 2804 unus
1181 2746 1226 2805 est
1254 2740 1347 2805 timor
1377 2760 1485 2822 pecca-

364 2848 403 2895 uo
417 2839 519 2897 torum
543 2849 693 2910 meorum,
724 2830 802 2893 alius
829 2834 929 2894 metus
960 2829 1067 2893 mortis
1097 2829 1210 2894 incerte
1231 2848 1293 2910 que
1320 2830 1408 2893 omni
1431 2831 1486 2894 die

417 2922 556 2985 imminet
578 2920 661 2998 mihi,
684 2920 796 2983 tercius
809 2919 904 2984 timor
917 2918 1059 2999 gehenne
1082 2922 1111 2981 et
1138 2937 1217 2999 pene
1240 2919 1484 2998 interminabilis,

417 3030 487 3075 nam
511 3011 567 3075 ista
590 3028 669 3091 pena
690 3028 783 3090 quarn
807 3013 839 3072 tu
868 3008 966 3073 modo
996 3006 1185 3072 formidabas
1212 3008 1272 3071 cito
1294 3009 1484 3087 terminatur,

417 3102 467 3163 illa
489 3104 590 3163 autem
622 3117 782 3179 nunquam
813 3098 932 3176 linitur;
967 3115 1074 3160 verum
1106 3115 1170 3160 non
1201 3097 1320 3160 mireris
1348 3097 1384 3175 si,
1415 3097 1485 3161 aliis

418 3190 547 3253 inaniter
569 3188 782 3269 gaudentibus,
811 3206 873 3268 ego
896 3204 1029 3268 appareo
1052 3185 1144 3250 tristis
1167 3203 1289 3267 semper
1310 3186 1486 3251 formidans

363 3293 403 3339 ru
418 3278 618 3342 inflexibilem
640 3277 790 3357 justiciam
813 3276 940 3339 districti
967 3275 1078 3356 judicis
1108 3274 1162 3355 qui
1190 3293 1247 3356 pro
1271 3293 1336 3340 uno
1359 3280 1485 3355 peccato

416 3367 560 3447 superbie
597 3367 741 3447 angelum
777 3366 817 3428 de
851 3365 1003 3447 paradyso
1032 3365 1146 3444 ejecit.u
1212 3366 1267 3429 lste
1302 3364 1396 3445 igitur
1431 3383 1485 3429 rex

417 3474 518 3519 veram
544 3456 651 3520 habuit
671 3455 851 3537 sapientiam
867 3458 897 3518 et
916 3454 968 3535 qui
985 3453 1103 3517 addidit
1125 3453 1168 3517 illi
1184 3454 1339 3518 scientiam
1363 3452 1486 3519 addidit

417 3550 446 3609 et
482 3545 623 3608 dolorem
662 3545 809 3608 dominus
840 3548 945 3608 noster
972 3544 1059 3623 Jesus
1082 3542 1224 3607 Christus
1258 3544 1311 3623 qui
1346 3543 1422 3607 vivit
1456 3549 1487 3607 et

417 3638 523 3714 regnat
546 3652 601 3715 per
623 3634 728 3697 omnia
751 3634 852 3698 secula
874 3633 1059 3697 seculorum.

798 3782 827 3841 6.
868 3777 923 3859 [ι.-
947 3776 1007 3840 Νο.
1034 3776 1097 3857 512]

363 3918 403 3966 rao
508 3904 541 3965 ln
573 3920 663 3966 mane
692 3907 793 3965 autem
823 3902 929 3966 omnia
955 3900 1120 3981 [monaehi]
1146 3899 1304 3963 tradebant
1332 3898 1484 3963 oblivioni

417 3992 532 4057 similes
553 3991 676 4054 cuidam
699 3990 799 4054 vetule
822 4009 892 4071 que,
924 3990 999 4054 dum
1024 3990 1055 4053 in
1080 4006 1171 4053 urceo
1195 3993 1293 4052 terreo
1315 3987 1354 4049 ad
1378 3986 1483 4051 lorum

419 4083 464 4146 lac
497 4083 636 4163 portaret,
671 4080 752 4160 cepit
780 4080 914 4159 cogitare
946 4079 977 4141 in
1008 4078 1058 4141 via
1087 4077 1250 4157 quomodo
1282 4080 1385 4157 posset
1416 4076 1483 4139 lieri

417 4172 511 4233 dives.
564 4167 732 4231 Attendens
761 4172 862 4229 autem
895 4165 981 4244 quod
1013 4166 1053 4227 de
1085 4184 1143 4228 suo
1174 4165 1249 4228 lacte
1279 4170 1338 4229 tres
1368 4164 1484 4229 obolos

416 4257 529 4320 habere
559 4258 670 4335 posset,
705 4254 784 4331 cepit
813 4252 946 4328 cogitare
976 4251 1062 4327 quod
1094 4252 1134 4312 de
1163 4252 1222 4315 illis
1252 4253 1350 4316 tribus
1380 4253 1484 4317 obolis
