3525 5025
868 510 1085 567 „60-

444 682 593 747 amasium
617 682 671 762 qui
701 682 811 761 agebat
833 699 904 746 cum
928 700 972 745 ea.
1022 683 1149 745 Etcum
1173 682 1329 762 signatum
1353 687 1428 747 esset
1447 701 1506 746 suo

445 772 512 836 viro
541 790 559 833 a
589 771 680 835 sociis
710 775 740 833 et
774 771 1025 851 consanguineis,
1060 771 1158 834 voluit
1186 772 1233 833 vir
1265 772 1418 851 inquirere
1447 772 1507 835 boe

446 864 556 925 lactum
581 860 743 940 diligenter
772 864 806 922 ut
828 859 888 923 sibi
911 860 991 923 clare
1018 864 1186 923 notesceret
1208 861 1321 924 veritas
1343 861 1432 924 buius
1453 861 1505 936 rei,

388 970 430 1017 uso
445 955 475 1015 et
496 950 619 1013 credere
649 967 712 1012 non
743 948 840 1012 voluit
869 949 909 1011 de
936 949 1015 1012 tacto
1043 949 1149 1012 uxoris
1178 950 1226 1012 sui
1251 949 1310 1013 nisi
1335 950 1445 1013 videret
1466 949 1504 1011 ad

444 1040 578 1105 oculum.
627 1038 712 1102 Dixit
741 1038 769 1101 ei
797 1038 931 1118 quadam
960 1039 1010 1101 die
1040 1043 1074 1100 ut
1104 1042 1221 1119 pararet
1250 1039 1278 1101 ci
1307 1039 1408 1102 cibum
1436 1039 1506 1118 quia

446 1128 622 1192 intendebat
645 1128 688 1189 ire
711 1127 750 1189 ad
774 1126 967 1207 operandum
992 1127 1023 1189 in
1047 1127 1106 1190 alia
1127 1132 1213 1204 terra,
1237 1128 1269 1189 in
1289 1128 1387 1192 domo
1409 1129 1506 1191 cuius

443 1219 514 1283 dam
546 1216 668 1296 nobilis,
703 1219 733 1279 et
764 1216 806 1279 ibi
838 1216 981 1296 pluribus
1010 1216 1121 1280 diebus
1149 1234 1268 1279 moram
1300 1218 1428 1280 trabere.
1471 1218 1507 1279 Et

444 1306 573 1370 audiens
596 1306 653 1368 hec
676 1305 786 1368 mulier
816 1305 903 1368 letata
932 1309 978 1368 est
1000 1306 1097 1368 valde.
1144 1306 1180 1368 Et
1210 1310 1315 1385 parato
1344 1306 1403 1369 sibi
1430 1306 1505 1380 cibo,

389 1412 430 1459 uso
445 1396 537 1459 exivit
573 1394 613 1457 de
650 1393 748 1458 domo
776 1398 806 1457 et
838 1394 880 1456 ait
913 1395 1015 1457 uxori:
1053 1394 1185 1457 Custodi
1213 1395 1293 1457 bene
1323 1395 1452 1458 domum
1478 1398 1507 1456 et

446 1484 524 1547 habe
548 1487 726 1564 potestatem
750 1501 916 1563 quousque
938 1483 1057 1547 redibo.
1095 1484 1222 1547 Etcum
1247 1484 1310 1547 ibat
1333 1483 1507 1564 respiciebat

445 1577 515 1654 post
543 1592 614 1636 eum
649 1572 759 1635 mulier
788 1572 890 1636 donec
924 1572 1160 1653 prolongaretur
1190 1591 1208 1634 a
1240 1572 1347 1650 domo,
1382 1577 1411 1636 et
1438 1590 1505 1635 cum

444 1662 555 1726 rediret
578 1661 689 1723 mulier
710 1660 748 1724 ad
773 1661 913 1739 domum,
937 1661 1060 1723 latitavit
1074 1662 1122 1723 vir
1145 1661 1175 1723 in
1192 1661 1330 1741 quodam
1351 1662 1421 1725 loco
1441 1665 1506 1742 post

445 1753 566 1815 ianuam
584 1751 705 1813 domus.
741 1750 838 1814 Nocte
853 1768 928 1813 vero
943 1751 1067 1813 accessit
1087 1750 1141 1813 iste
1157 1750 1289 1813 suaviter
1301 1750 1342 1813 ad
1360 1768 1504 1814 cameram

388 1856 430 1903 osu
445 1845 474 1904 et
500 1858 534 1903 se
563 1839 622 1903 sub
651 1839 760 1903 lectum
793 1839 956 1902 intromisit
984 1840 1016 1901 in
1047 1857 1112 1919 quo
1144 1839 1201 1919 ipsi
1232 1840 1329 1902 iacere
1359 1839 1504 1903 solebant.

445 1929 556 1993 Mulier
583 1946 666 2005 vero,
698 1929 842 1991 estimans
869 1929 971 2009 ipsum
1000 1928 1167 2005 recessisse,
1199 1928 1282 1991 misit
1308 1946 1367 2007 pro
1394 1928 1505 1991 amasio

445 2036 504 2082 suo
527 2017 706 2098 significans
729 2018 765 2094 ei,
794 2018 880 2098 quod
905 2017 952 2079 vir
978 2035 1054 2080 suus
1081 2035 1145 2080 non
1174 2021 1237 2079 erat
1263 2018 1294 2079 in
1319 2018 1425 2081 domo.
1470 2017 1507 2079 At

444 2108 494 2170 ille
523 2125 594 2169 cum
626 2107 766 2185 venisset,
799 2107 1000 2169 comederunt
1027 2110 1057 2169 et
1088 2105 1233 2169 biberunt
1259 2110 1289 2168 et
1318 2106 1411 2169 locuti
1439 2108 1507 2169 sunt

446 2197 613 2277 parabolas,
638 2200 742 2276 postea
765 2214 839 2259 vero
863 2196 984 2259 iverunt
1005 2195 1044 2258 ad
1068 2195 1188 2258 lectum.
1222 2196 1257 2257 Et
1279 2195 1354 2258 dum
1381 2195 1508 2258 iacerent

388 2304 430 2351 ooo
445 2286 476 2348 in
501 2286 585 2363 lecto,
616 2285 733 2348 audivit
755 2286 803 2347 vir
825 2286 931 2349 omnia
953 2303 1015 2364 que
1041 2285 1184 2364 agebant;
1216 2288 1337 2347 etcum
1362 2283 1507 2347 dormiret

444 2374 658 2455 paterfamilias
681 2374 809 2438 revolvit
836 2392 868 2437 se
892 2378 922 2437 et
943 2373 1079 2437 extendit
1101 2372 1211 2453 pedem
1236 2377 1319 2436 extra
1342 2374 1453 2436 lectum
1476 2373 1506 2435 in

443 2481 564 2528 somno.
601 2463 713 2527 Mulier
734 2481 809 2527 vero
832 2463 967 2528 sentiens
982 2463 1140 2544 strepitum
1165 2462 1231 2526 eius
1254 2463 1401 2543 cognovit
1422 2462 1506 2543 quod

443 2553 569 2617 maritus
592 2553 659 2616 eius
681 2557 751 2616 erat.
788 2554 824 2615 lit
845 2553 979 2616 excitans
1001 2553 1061 2616 cito
1084 2570 1176 2615 suurn
1199 2551 1349 2615 amasium
1373 2552 1450 2614 dixit
1468 2552 1506 2615 ei:

443 2642 513 2706 Scio
537 2642 685 2722 quoniam
709 2642 835 2705 maritus
859 2659 947 2705 meus
970 2642 1030 2705 sub
1046 2642 1123 2705 lecto
1139 2644 1195 2718 est;
1219 2658 1303 2704 nunc
1325 2642 1399 2705 volo
1421 2641 1506 2721 quod

388 2751 429 2799 ooo
444 2733 502 2795 alta
531 2750 607 2795 voce
637 2749 748 2811 queras
779 2749 797 2794 a
827 2750 890 2794 me:
921 2730 1025 2805 Quem
1057 2730 1127 2811 plus
1155 2729 1266 2810 diligis,
1297 2734 1350 2793 aut
1379 2749 1429 2793 me
1458 2735 1508 2793 aut

445 2821 586 2884 maritum
611 2825 706 2883 tuum.
754 2821 790 2883 Et
812 2838 882 2884 cum
908 2820 1060 2884 noluerim
1084 2818 1139 2882 tibi
1162 2819 1271 2896 dicere,
1295 2819 1401 2882 insiste
1422 2837 1440 2882 a
1461 2837 1508 2882 me

444 2928 573 2990 querere
607 2909 708 2972 donec
741 2909 857 2974 dixero.
912 2910 948 2971 Et
981 2927 1051 2972 cum
1087 2908 1137 2971 ille
1172 2908 1388 2988 interrogasset
1418 2909 1508 2985 illam,

445 2999 603 3080 respondit
625 2999 666 3061 ei:
698 2998 803 3072 Quare
826 2998 931 3078 queris
954 2999 1054 3061 hoca
1077 2998 1148 3060 me?
1172 2998 1326 3076 numquid
1351 3003 1446 3079 putas,
1471 3015 1509 3060 ne

443 3089 481 3151 sit
509 3088 579 3168 quis
609 3088 691 3169 apud
720 3107 769 3151 me
800 3088 929 3151 dilectus
956 3092 985 3150 et
1016 3104 1105 3150 carus
1134 3087 1212 3149 sicut
1243 3105 1331 3150 meus
1362 3087 1508 3151 maritus?

388 3195 430 3242 uo
445 3177 512 3240 Nos
550 3181 649 3240 autem
690 3177 869 3240 huiusmodi
909 3177 1053 3240 mulieres
1088 3193 1151 3238 non
1187 3175 1346 3255 diligimus
1377 3177 1509 3240 amasios

446 3270 575 3344 nostros,
593 3266 650 3328 nisi
668 3271 817 3346 quantum
834 3266 1058 3347 adimpleamus
1079 3268 1214 3329 nostram
1231 3265 1507 3345 concupiscentiam

446 3372 593 3434 personas
616 3373 724 3417 eorum
749 3373 813 3419 non
838 3356 1033 3437 respicientes
1064 3371 1164 3433 neque
1187 3371 1290 3416 mores
1313 3372 1371 3417 nec
1391 3354 1508 3433 aliquid

443 3461 550 3506 eorum
583 3443 824 3522 considerantes;
863 3448 1075 3508 consummata
1103 3461 1178 3506 vero
1213 3446 1316 3506 nostra
1345 3444 1508 3522 voluntate,

443 3531 619 3595 efficiuntur
642 3533 673 3594 in
697 3534 795 3597 oeulis
819 3535 931 3598 nostris
954 3534 1031 3597 sicut
1046 3532 1135 3595 ceteri
1152 3532 1295 3595 homines
1317 3531 1357 3595 de
1380 3533 1508 3595 mundo.

388 3639 429 3685 ua
445 3620 573 3683 Maritus
600 3639 727 3701 quoque
754 3623 864 3687 melior
890 3623 955 3703 [est]
981 3621 1101 3685 mulieri
1130 3639 1222 3700 quarn
1252 3624 1336 3701 pater
1362 3626 1392 3684 et
1414 3626 1509 3685 mater

443 3714 471 3773 et
493 3710 599 3774 tratres
622 3715 650 3773 et
673 3711 742 3790 lilii,
765 3716 847 3775 totus
870 3730 1004 3792 namque
1028 3711 1116 3774 labor
1131 3715 1160 3772 et
1182 3710 1248 3773 eius
1264 3709 1392 3774 intentio
1415 3711 1507 3774 estin

443 3800 516 3880 ipsa.
548 3800 588 3862 lit
611 3804 771 3880 propterea
794 3800 991 3864 maledicatur
1013 3817 1209 3881 quecumque
1224 3798 1343 3877 mulier,
1366 3818 1428 3880 que
1444 3818 1507 3864 non

442 3887 541 3967 diligit
568 3889 666 3968 magis
694 3890 785 3952 vitam
814 3889 912 3953 mariti
940 3889 988 3953 sui
1019 3906 1113 3970 quam
1143 3888 1235 3951 vitam
1263 3887 1425 3968 suiipsius!
1474 3890 1508 3951 Et

440 3977 570 4040 audiens
593 3978 640 4040 vir
662 3995 737 4042 suus
765 3979 821 4042 bec
847 3980 948 4062 verba,
980 3977 1109 4042 contidit
1131 3976 1162 4038 in
1185 3994 1291 4039 amore
1318 3995 1377 4040 suo
1400 3996 1438 4040 ex
1461 3977 1507 4040 bis

387 4085 429 4131 aar
444 4085 504 4147 que
527 4067 684 4133 audiverat
706 4068 744 4131 ab
768 4085 811 4146 ea,
835 4068 941 4131 dicens
964 4067 995 4129 in
1014 4066 1108 4130 corde
1124 4082 1195 4129 suo:
1219 4066 1312 4128 Nunc
1333 4067 1398 4130 scio
1421 4068 1506 4147 quod

442 4173 521 4219 uxor
544 4173 612 4219 mea
634 4155 735 4236 diligit
757 4175 806 4219 me
828 4156 918 4219 valde
940 4160 1005 4219 toto
1029 4153 1123 4219 corde
1146 4158 1175 4216 et
1198 4157 1308 4217 mente.
1356 4155 1392 4217 Et
1418 4156 1507 4219 iacuit

442 4244 500 4306 sub
524 4245 601 4306 lecto
625 4245 656 4304 in
680 4261 832 4318 auroram,
863 4250 892 4304 et
913 4243 1047 4303 amasius
1077 4257 1147 4301 cum
1171 4258 1227 4301 sua
1254 4259 1351 4306 uxore
1373 4244 1406 4306 in
1431 4245 1506 4308 lecto
