3525 5025
688 518 932 578 -159—

279 710 466 772 permanens,
497 710 562 755 non
594 692 757 772 gaudebat,
789 711 846 755 nec
874 694 1013 756 cantabat
1043 710 1130 757 more
1160 693 1252 756 solito
1275 710 1344 756 cum

279 799 384 844 uxore.
428 782 516 844 Tunc
545 781 632 844 dives
655 781 706 844 ille
730 782 831 845 etalii
853 781 946 845 vieini
974 782 1040 862 eius
1064 786 1134 862 post
1155 783 1344 862 aliquantum

229 874 401 949 motempus
423 875 571 951 cepemnt
586 889 714 950 querere
737 870 777 933 ab
800 889 838 933 eo
861 889 916 934 cur
939 871 979 933 ita
1002 871 1181 935 macilentus
1204 876 1232 934 et
1254 871 1346 935 tristis

280 959 376 1022 factus
396 965 482 1022 esset
529 958 677 1040 Cumque
699 959 750 1023 ille
772 961 927 1023 veritatem
951 960 1038 1023 fateri
1062 977 1125 1022 non
1148 959 1282 1039 auderet,
1305 961 1347 1023 ait

278 1049 365 1111 dives
386 1048 448 1112 ille:
484 1050 572 1128 „Ego
594 1049 660 1112 scio
682 1048 845 1127 veritatem,
876 1066 940 1113 non
969 1053 1056 1129 poles
1084 1047 1282 1128 abscondere,
1312 1053 1344 1112 tu

277 1137 329 1198 tali
344 1137 393 1200 die
407 1141 437 1200 et
451 1137 484 1199 in
501 1138 552 1200 lali
568 1137 638 1200 loco
654 1138 816 1218 pecuniam
833 1156 933 1201 meam
951 1137 1091 1202 invenisti
1108 1142 1145 1216 et,
1169 1137 1346 1202 videntibus

279 1226 328 1288 his
349 1227 496 1289 omnibus
511 1227 565 1306 qui
586 1231 742 1307 presentes
763 1231 843 1305 sunt,
867 1227 898 1289 in
923 1226 1052 1291 domum
1073 1231 1156 1289 tuam
1180 1227 1341 1292 detulisti.v

225 1315 319 1377 mont
339 1315 388 1377 ille
409 1316 523 1378 timens
538 1319 568 1378 et
581 1315 773 1394 erubescens,
796 1316 849 1378 ait:
876 1315 1056 1380 „Maledicta
1077 1315 1116 1379 sit
1138 1315 1192 1379 ista
1215 1317 1345 1396 pecunia

277 1422 339 1484 que
360 1423 410 1466 me
432 1407 550 1467 tantum
573 1404 683 1467 afflixit
705 1404 801 1485 quod,
831 1409 996 1484 postquam
1020 1405 1102 1468 illam
1128 1405 1240 1482 inveni,
1270 1423 1345 1486 gau-

276 1493 361 1555 dium
386 1511 451 1556 non
476 1493 571 1556 habui
594 1497 625 1556 et
647 1493 740 1573 longe
762 1492 861 1573 magis
882 1493 1024 1574 fatigatus
1044 1511 1113 1557 sum
1129 1493 1235 1557 animo
1250 1512 1343 1574 quam

276 1583 360 1662 pn'us
382 1586 445 1645 tota
468 1583 520 1644 die
543 1581 686 1645 manibus
709 1582 843 1663 propriis
865 1582 1045 1661 laborando,
1069 1581 1209 1661 fatigatus
1232 1582 1343 1646 fuerim

276 1688 418 1751 corpore;
450 1671 523 1733 tolle
551 1671 713 1751 pecuniam
736 1676 819 1734 tuam
851 1675 885 1734 ut
912 1671 994 1734 letari
1018 1676 1047 1735 et
1069 1675 1189 1735 canore
1218 1673 1344 1750 valeam,

224 1775 263 1820 uo
276 1760 353 1823 sicut
370 1758 551 1824 consuevi.u

669 1892 717 1946 tt.
758 1884 812 1964 [=
836 1885 896 1948 Νο.
922 1885 984 1965 67.)

362 2026 478 2089 Audivi
511 2026 551 2088 de
582 2025 768 2106 quibusdam
803 2027 996 2090 monasteriis
1031 2044 1092 2107 que
1124 2027 1155 2090 in
1191 2027 1345 2109 principio

275 2115 467 2179 fundationis
488 2133 552 2193 sue,
576 2133 647 2179 cum
671 2115 810 2179 modicas
824 2115 1036 2196 possessiones
1061 2116 1216 2194 haberent,
1239 2117 1345 2180 fratres

275 2204 363 2268 valde
387 2205 554 2285 hospitales
569 2209 654 2267 eranl
668 2205 896 2268 transeuntibus
911 2210 941 2268 et
956 2205 1083 2286 benigni
1108 2205 1296 2286 pauperibus
1317 2210 1345 2270 et

275 2311 345 2356 enm
369 2292 486 2373 gaudio
509 2293 628 2374 absque
650 2293 855 2358 sollicitudine
880 2294 1020 2358 Domino
1043 2293 1222 2358 serviebant
1258 2295 1345 2359 Post·

225 2397 263 2444 ns
276 2400 370 2462 quam
408 2386 511 2445 aulem
546 2382 614 2444 facti
653 2383 778 2445 fuerunt
814 2382 924 2447 divites
957 2387 987 2446 et
1019 2383 1137 2464 amplas
1172 2383 1346 2448 habuerunt

276 2471 490 2553 possessiones
513 2475 610 2535 totum
634 2471 819 2536 contrarium
843 2472 1002 2537 faciebant.
1049 2471 1143 2539 Unde
1165 2476 1195 2536 et
1217 2473 1344 2555 quidam

273 2561 378 2639 abbas,
410 2580 483 2624 curn
506 2560 595 2624 valde
618 2561 715 2624 durus
745 2567 824 2625 esset
850 2567 880 2625 et
907 2563 1103 2641 inhumanus,
1133 2581 1257 2645 semper
1285 2563 1344 2629 sibi

274 2651 391 2714 similes
415 2650 582 2730 nequiores
604 2669 697 2731 quam
722 2651 860 2715 invenire
892 2656 1008 2733 poterat
1030 2652 1061 2715 in
1090 2652 1232 2733 hospicio
1255 2656 1284 2717 et
1305 2652 1344 2717 ad

274 2745 395 2821 portam
419 2738 518 2802 abatie
533 2744 563 2802 et
577 2740 609 2802 in
625 2739 693 2803 aliis
715 2740 900 2805 obedientiis
923 2741 1065 2822 ponebat.
1110 2741 1229 2805 Accidit
1243 2746 1343 2805 autem

224 2843 262 2890 an
275 2828 362 2909 quod
385 2828 538 2908 joculator
558 2828 694 2909 quidam,
717 2847 788 2893 cum
812 2830 868 2893 iter
890 2829 1007 2907 faceret,
1032 2834 1120 2894 nocte
1144 2830 1344 2912 compeliente

273 2918 314 2980 ad
349 2917 569 2980 monasterium
605 2917 813 2999 hospitaturus
846 2919 1014 2995 diverteret,
1050 2918 1104 2999 qui
1135 2937 1192 2981 nec
1225 2920 1344 2983 vultum

274 3006 412 3087 hylarem
453 3024 510 3069 nec
542 3006 677 3087 aliquam
717 3008 833 3070 invenit
871 3008 1021 3088 pietatem,
1060 3005 1115 3071 sed
1149 3008 1200 3070 vix
1233 3027 1343 3089 panem

274 3095 479 3173 nigerrimum
503 3099 532 3158 et
555 3096 711 3176 legumina
733 3114 804 3159 cum
827 3095 890 3159 sale
906 3100 935 3159 et
948 3114 1029 3176 aqua
1044 3101 1073 3159 et
1096 3097 1206 3161 lectum
1230 3097 1343 3161 durum

274 3189 306 3247 et
326 3183 491 3246 sordidum
514 3185 614 3265 potuit
636 3184 783 3249 obtinere.
830 3186 922 3249 Mane
953 3190 1054 3249 autem
1085 3185 1174 3250 valde
1205 3186 1345 3251 offensus

225 3289 261 3336 aa
275 3272 431 3350 recedens,
462 3273 595 3353 cogitare
617 3274 697 3355 cepit
725 3273 889 3354 quomodo
912 3273 951 3338 de
974 3274 1027 3338 illo
1052 3274 1242 3355 nequissimo
1273 3294 1345 3357 pro-

272 3366 423 3439 curatore,
447 3362 501 3443 qui
525 3367 644 3442 preerat
666 3361 816 3443 hospicio,
848 3368 952 3444 posset
973 3382 1007 3427 se
1030 3364 1185 3427 vindicare
1208 3369 1244 3441 et,
1273 3384 1344 3428 cum

272 3451 499 3532 aliquantulum
525 3452 728 3532 processisset,
753 3453 884 3515 occurrit
903 3452 946 3515 illi
962 3453 1058 3516 abbas
1073 3453 1127 3533 qui
1144 3472 1201 3534 pro
1217 3454 1345 3534 quibus-

273 3540 346 3603 dam
370 3540 510 3620 negociis
533 3541 645 3604 exierat
667 3545 697 3603 et
718 3540 757 3603 ad
780 3541 933 3604 abbatiam
950 3542 1077 3605 redibat.
1112 3541 1172 3605 Cui
1195 3542 1346 3622 inculator

273 3628 327 3692 ait:
359 3630 464 3694 „Bene
486 3630 587 3692 veniat
608 3630 757 3693 dominus
786 3648 874 3694 meus
902 3631 1004 3695 bonus
1033 3631 1129 3695 abbas
1152 3636 1180 3695 et
1204 3632 1345 3711 liberalis,

224 3734 261 3781 aso
275 3718 388 3798 gratias
410 3718 502 3781 vobis
529 3719 629 3783 refero
652 3723 682 3782 et
710 3718 764 3782 loti
788 3720 960 3798 conventui,
991 3720 1064 3800 quia
1088 3720 1177 3783 irater
1200 3721 1258 3800 ille,
1290 3721 1344 3801 qui

274 3812 377 3888 preest
392 3807 542 3887 hospicio,
558 3809 616 3871 hac
631 3812 719 3871 nocte
734 3808 897 3889 splendide
913 3828 962 3872 me
978 3810 1160 3891 procuravit,
1178 3827 1344 3891 preparans

275 3896 350 3959 mihi
375 3896 475 3977 pisces
490 3897 626 3977 optimos
640 3914 712 3959 cum
727 3898 802 3961 vino
818 3898 958 3979 precioso
974 3903 1003 3961 et
1019 3898 1090 3979 igne
1107 3916 1230 3978 magno,
1253 3904 1283 3963 et
1301 3903 1347 3962 lot

274 3986 333 4048 alia
348 3985 464 4048 fercula
487 3986 563 4048 mihi
587 3985 732 4066 apposuit
746 3987 832 4067 quod
856 4005 1020 4051 numerum
1037 3988 1114 4051 scire
1130 4005 1193 4050 non
1216 4005 1343 4070 possum

276 4080 306 4137 et
326 4075 360 4137 in
385 4091 505 4137 recessu
529 4092 601 4138 meo
628 4073 822 4139 calciamenta
849 4076 924 4138 mini
953 4076 1037 4139 dedit
1063 4093 1134 4139 cum
1162 4076 1294 4156 corrigia
1317 4080 1346 4138 el

225 4180 263 4227 eu
277 4164 429 4227 cultello.¹¹
477 4162 617 4226 Audiens
640 4162 697 4225 hec
718 4165 814 4228 abbas
829 4166 922 4229 iratus
937 4164 1027 4228 valde
1043 4182 1100 4244 pro
1116 4165 1201 4244 gravi
1217 4164 1346 4228 crimine

278 4252 532 4335 [procuratorem]
562 4252 640 4315 dure
669 4254 839 4316 verberavit
867 4257 904 4329 et,
932 4272 971 4316 eo
1000 4252 1135 4333 projecto
1163 4252 1202 4314 ab
1230 4250 1344 4326 officio,
