3525 5025
673 530 919 591 -153-

224 705 301 767 nuci
315 706 465 784 quandam
481 707 646 786 pocionem
662 706 702 768 ad
718 705 926 786 bib[e]ndum.
960 705 1042 770 Cum
1066 710 1166 770 autem
1190 709 1331 788 potasset,

274 793 363 857 tactus
377 799 422 858 est
442 813 544 860 sanus.
580 796 651 858 Hoc
665 795 745 859 iacto
761 800 851 875 caput
872 795 945 875 equi
968 796 999 858 in
1024 796 1172 859 orientem
1197 796 1332 876 ponebat

273 887 299 944 et
318 883 370 946 ait:
402 886 505 961 „Ecce
529 885 665 961 domine,
696 888 805 946 ventus
831 889 877 947 est
906 887 1038 948 mutatus
1068 885 1107 948 ab
1130 884 1275 964 aquilone
1299 884 1329 946 in

272 973 449 1036 orientem!u
503 974 556 1036 Ait
589 992 654 1036 rex:
696 972 802 1047 „Quia
831 978 878 1036 est
908 973 968 1036 hoc
995 973 1035 1036 ad
1067 975 1236 1037 uentum?t
1292 974 1331 1036 m

272 1060 330 1123 iiie:
367 1062 536 1141 momine,
571 1080 678 1126 nonne
708 1066 824 1125 constat
856 1065 909 1125 tue
941 1061 1117 1143 prudencie,
1152 1061 1238 1143 quod
1269 1062 1331 1125 vita

222 1165 266 1210 rm
273 1152 488 1232 cuiuscumque
510 1151 651 1214 animalis
675 1168 738 1214 non
754 1155 798 1214 est
814 1151 872 1214 nisi
889 1153 1019 1214 ventus?
1057 1150 1217 1225 Quamdiu
1234 1169 1331 1232 eqvus

271 1257 354 1302 meus
368 1240 482 1303 malum
501 1240 683 1321 paciebatur,
707 1244 769 1303 erat
791 1240 822 1302 in
838 1241 993 1320 aquilone,
1016 1240 1089 1321 quia
1105 1257 1199 1304 omne
1214 1241 1329 1303 maium

271 1327 408 1406 panditur
429 1331 469 1394 ab
492 1330 647 1409 aquilone.
694 1328 754 1393 Sed
778 1329 875 1393 modo
900 1348 955 1410 per
978 1329 1151 1410 pocionem,
1184 1347 1276 1409 quarn
1301 1329 1329 1393 ei

270 1417 345 1495 dedi,
377 1419 521 1482 liberatus
551 1423 596 1481 est
623 1418 663 1481 ab
694 1419 780 1480 omni
810 1418 893 1481 mato
924 1423 953 1481 et
981 1423 1072 1498 caput
1101 1436 1192 1482 suurn
1223 1435 1330 1482 versus

270 1506 420 1585 orientem,
445 1525 483 1571 eo
506 1506 593 1588 quod
617 1511 738 1588 paratus
760 1510 812 1585 est,
836 1507 1058 1587 quodcumque
1074 1525 1155 1570 onus
1178 1510 1326 1588 portare.u

218 1608 262 1654 tm
353 1603 382 1659 6.
405 1596 456 1659 nit
479 1615 544 1659 rex:
571 1596 669 1660 „Satis
691 1596 769 1659 clare
792 1596 872 1659 istud
890 1596 1034 1676 probasti.
1070 1597 1131 1660 iam
1147 1596 1187 1659 ad
1202 1595 1328 1659 tercium

269 1685 502 1762 procedamusra
558 1685 598 1748 At
627 1683 691 1747 ille:
724 1685 891 1764 „Domine
923 1689 1045 1766 paratus
1076 1699 1174 1748 sum*
1223 1685 1328 1749 Statim

268 1790 365 1836 coram
389 1775 538 1838 omnibus
561 1774 700 1855 impleuit
730 1792 840 1837 manus
867 1791 939 1838 suas
970 1773 1078 1855 prunis
1099 1774 1278 1838 ardentibus
1301 1779 1330 1838 et

268 1860 296 1922 in
317 1864 419 1927 sinum
444 1863 556 1945 posuit
580 1867 609 1925 et
630 1881 702 1926 mro
726 1863 794 1926 eius
816 1863 848 1925 in
871 1863 959 1927 nuiio
983 1863 1150 1927 tedebatur.
1189 1863 1240 1927 Ait
1263 1881 1329 1926 rex:

271 1951 353 2016 ‚Atia
374 1952 440 2015 duo
463 1952 535 2015 satis
557 1952 636 2015 clare
658 1951 731 2014 vidi.
768 1952 829 2016 Sed
853 1951 904 2015 dic
927 1952 1028 2031 michi,
1053 1952 1216 2031 quomodo
1239 1952 1329 2032 glebe

218 2052 327 2102 uranon
351 2041 458 2105 iedunt
480 2043 550 2104 te?¹¹
591 2040 631 2103 nt
651 2041 714 2104 iiie:
740 2041 833 2107 „Non
849 2041 959 2104 virtute
982 2059 1062 2119 mea;
1085 2040 1140 2104 sed
1164 2041 1214 2105 hic
1229 2041 1330 2105 habeo

268 2131 418 2207 quendam
442 2129 575 2211 lapidem
604 2130 635 2192 in
665 2130 767 2193 loculo
791 2147 870 2193 meo.
916 2130 1005 2193 Vnde
1029 2130 1218 2210 quicumque
1241 2130 1328 2193 ilium

268 2218 379 2282 munde
402 2219 578 2300 portauerit,
600 2237 619 2281 a
642 2218 728 2282 nulio
752 2219 824 2298 igne
840 2236 897 2282 nec
918 2236 999 2299 aqua
1022 2218 1081 2282 iedi
1106 2223 1213 2300 potest.
1255 2221 1330 2282 Ecce

268 2306 373 2387 lapisto
424 2309 460 2371 Et
483 2308 615 2389 lapidem
640 2308 667 2370 ei
691 2308 831 2372 ostendit

355 2403 384 2461 7.
408 2397 460 2460 Ait
482 2415 548 2459 rex:
581 2397 698 2462 „Amen
722 2395 793 2460 dico
815 2396 880 2474 tibi,
909 2397 1080 2478 peroptime
1103 2396 1158 2460 ista
1180 2397 1236 2460 tria
1259 2415 1330 2479 pro

220 2484 370 2549 tubaria
411 2485 517 2551 Statim
541 2503 612 2549 cum
636 2503 751 2566 magno
774 2487 894 2550 honore
918 2485 996 2549 inira
1019 2503 1134 2567 paucos
1157 2485 1223 2550 dies
1245 2485 1331 2550 dedit

267 2574 291 2635 ei
312 2577 409 2640 tiliam
432 2594 520 2639 suam
537 2576 569 2638 in
592 2593 731 2640 vxorern.
761 2575 865 2639 Ambo
888 2576 980 2638 simut
1004 2576 1058 2640 diu
1082 2576 1223 2639 vixerunt
1245 2580 1275 2639 et
1297 2576 1328 2638 in

267 2682 335 2742 pace
357 2666 450 2729 vitam
472 2665 628 2728 finierunt

586 2946 636 3014 14.
672 2946 817 3033 lacquaa
842 2946 884 3015 de
909 2944 1010 3033 vitry.

717 3068 761 3123 (ed.
780 3068 871 3119 Crane.)

659 3269 687 3333 1.
724 3272 778 3352 [=
802 3272 862 3336 No.
889 3271 929 3350 9.]

352 3378 452 3442 Faciat
480 3379 573 3459 igitur
602 3378 743 3459 prelatus,
774 3378 828 3457 qui
858 3377 898 3440 ad
927 3382 1048 3457 tempus
1075 3376 1256 3441 constitutus
1285 3380 1330 3439 est

266 3484 315 3530 rex
336 3485 431 3548 super
446 3468 531 3548 Syon
555 3472 691 3531 montem
707 3471 845 3531 sanctum
867 3467 933 3546 ejus
949 3465 1038 3529 etiam
1055 3482 1148 3545 super
1162 3466 1329 3543 ecclesiam,

266 3555 338 3620 iliud
362 3555 449 3637 quod
473 3557 513 3619 de
535 3557 672 3636 quodam
703 3557 838 3636 sapiente
869 3557 1009 3635 legimus.
1055 3555 1120 3630 Qui
1149 3573 1218 3617 curn
1252 3559 1331 3617 esset

266 3663 315 3709 rex
337 3645 520 3709 constitutus
543 3646 573 3707 in
598 3646 714 3708 civitate
737 3646 826 3725 cuius
841 3644 908 3708 talis
931 3649 995 3707 erat
1017 3644 1209 3707 consuetudo
1232 3643 1328 3723 quod,

242 3744 317 3813 ⁵per
341 3752 461 3798 annum
485 3752 585 3797 unum
617 3738 718 3797 tamen
750 3738 896 3815 regnaret,
928 3737 957 3795 et
985 3737 1124 3813 tempore
1154 3732 1240 3813 regni
1272 3732 1329 3809 sui,

264 3824 379 3887 cunetis
407 3823 581 3901 juramento
608 3823 833 3899 obedientibus,
864 3840 1062 3903 quecumque
1091 3822 1181 3885 veltet
1211 3821 1329 3897 iaceret,

263 3930 344 3976 anno
367 3916 469 3974 autem
494 3913 644 3992 preterito,
673 3913 704 3975 in
728 3913 852 3974 exilium
877 3912 1052 3988 mitteretur,
1077 3915 1196 3973 utnon
1225 3914 1330 3989 posset

264 4002 362 4064 redire
395 4001 444 4063 vel
474 4000 541 4079 jure
572 4000 756 4064 hereditario
787 4018 917 4080 regnum
950 3999 1115 4080 possidere,
1147 3999 1220 4078 ipse,
1252 3996 1328 4059 dum

265 4094 441 4171 potestatem
480 4090 598 4167 babuit,
637 4108 760 4168 aurum,
798 4094 973 4169 argentum,
1012 4088 1130 4168 lapides
1164 4086 1328 4167 preciosos

227 4190 247 4236 1⁰
265 4197 386 4260 pannos
408 4179 522 4241 sericos
545 4183 574 4241 et
600 4179 713 4242 cibaria
742 4180 869 4259 copiosa
896 4196 966 4240 cum
995 4176 1100 4239 multis
1126 4174 1329 4237 servientibus

263 4268 291 4331 in
316 4268 451 4331 insulam
474 4268 575 4345 maris,
605 4266 644 4330 ad
668 4284 761 4347 quam
786 4268 817 4329 in
841 4265 966 4328 exilium
991 4263 1118 4345 predicti
1142 4280 1229 4342 reges
1252 4260 1328 4323 mitti
