<?xml version="1.0" encoding="UTF-8"?>
<!DOCTYPE html PUBLIC "-//W3C//DTD XHTML 1.0 Transitional//EN"
    "http://www.w3.org/TR/xhtml1/DTD/xhtml1-transitional.dtd">
<html xmlns="http://www.w3.org/1999/xhtml" xml:lang="en" lang="en">
 <head>
  <title>
</title>
<meta http-equiv="Content-Type" content="text/html;charset=utf-8" />
  <meta name='ocr-system' content='tesseract 3.04.00' />
  <meta name='ocr-capabilities' content='ocr_page ocr_carea ocr_par ocr_line ocrx_word'/>
</head>
<body>
  <div class='ocr_page' id='page_1' title='image "./probenderlatein00ulrigoog_0077.png"; bbox 0 0 3525 5025; ppageno 0'>
   <div class='ocr_carea' id='block_1_1' title="bbox 855 506 1073 562">
    <p class='ocr_par' dir='ltr' id='par_1_1' title="bbox 855 506 1073 562">
     <span class='ocr_line' id='line_1_1' title="bbox 855 506 1073 562; baseline 0.005 -18"><span class='ocrx_word' id='word_1_1' title='bbox 855 506 1073 562; x_wconf 70' lang='lat'><strong>-66-</strong></span> 
     </span>
    </p>
   </div>
   <div class='ocr_carea' id='block_1_2' title="bbox 382 678 1526 4142">
    <p class='ocr_par' dir='ltr' id='par_1_2' title="bbox 382 678 1526 4142">
     <span class='ocr_line' id='line_1_2' title="bbox 437 678 1509 759; baseline 0.001 -18"><span class='ocrx_word' id='word_1_2' title='bbox 437 679 473 742; x_wconf 82' lang='lat' dir='ltr'>Et</span> <span class='ocrx_word' id='word_1_3' title='bbox 502 679 640 759; x_wconf 83' lang='lat' dir='ltr'>cogitans</span> <span class='ocrx_word' id='word_1_4' title='bbox 667 680 698 741; x_wconf 90' lang='lat' dir='ltr'>in</span> <span class='ocrx_word' id='word_1_5' title='bbox 733 678 826 743; x_wconf 90' lang='lat' dir='ltr'>corde</span> <span class='ocrx_word' id='word_1_6' title='bbox 853 696 913 742; x_wconf 92' lang='lat' dir='ltr'>suo</span> <span class='ocrx_word' id='word_1_7' title='bbox 940 678 1028 741; x_wconf 87' lang='lat' dir='ltr'>dixit:</span> <span class='ocrx_word' id='word_1_8' title='bbox 1066 680 1109 741; x_wconf 83' lang='lat' dir='ltr'>En</span> <span class='ocrx_word' id='word_1_9' title='bbox 1138 697 1197 759; x_wconf 87' lang='lat' dir='ltr'>ego</span> <span class='ocrx_word' id='word_1_10' title='bbox 1229 680 1334 742; x_wconf 90' lang='lat' dir='ltr'>nescio</span> <span class='ocrx_word' id='word_1_11' title='bbox 1364 698 1509 743; x_wconf 87' lang='lat' dir='ltr'>exercere</span> 
     </span>
     <span class='ocr_line' id='line_1_3' title="bbox 382 767 1508 844; baseline -0.002 -11"><span class='ocrx_word' id='word_1_12' title='bbox 382 784 424 833; x_wconf 78' lang='lat' dir='ltr'>ssu</span> <span class='ocrx_word' id='word_1_13' title='bbox 437 772 541 844; x_wconf 85' lang='lat' dir='ltr'>artern,</span> <span class='ocrx_word' id='word_1_14' title='bbox 565 785 622 831; x_wconf 91' lang='lat' dir='ltr'>nec</span> <span class='ocrx_word' id='word_1_15' title='bbox 641 772 686 831; x_wconf 87' lang='lat' dir='ltr'>est</span> <span class='ocrx_word' id='word_1_16' title='bbox 708 768 895 831; x_wconf 87' lang='lat' dir='ltr'>conveniens</span> <span class='ocrx_word' id='word_1_17' title='bbox 911 786 960 831; x_wconf 87' lang='lat' dir='ltr'>rne</span> <span class='ocrx_word' id='word_1_18' title='bbox 974 786 1104 831; x_wconf 89' lang='lat' dir='ltr'>vacuum</span> <span class='ocrx_word' id='word_1_19' title='bbox 1120 767 1158 830; x_wconf 86' lang='lat' dir='ltr'>ad</span> <span class='ocrx_word' id='word_1_20' title='bbox 1175 768 1278 831; x_wconf 91' lang='lat' dir='ltr'>socios</span> <span class='ocrx_word' id='word_1_21' title='bbox 1294 786 1380 831; x_wconf 90' lang='lat' dir='ltr'>meos</span> <span class='ocrx_word' id='word_1_22' title='bbox 1395 769 1508 831; x_wconf 89' lang='lat' dir='ltr'>redire.</span> 
     </span>
     <span class='ocr_line' id='line_1_4' title="bbox 439 856 1510 938; baseline -0.001 -18"><span class='ocrx_word' id='word_1_23' title='bbox 439 858 474 920; x_wconf 81' lang='lat' dir='ltr'>Et</span> <span class='ocrx_word' id='word_1_24' title='bbox 490 858 593 938; x_wconf 83' lang='lat' dir='ltr'>posuit</span> <span class='ocrx_word' id='word_1_25' title='bbox 607 875 640 921; x_wconf 90' lang='lat' dir='ltr'>se</span> <span class='ocrx_word' id='word_1_26' title='bbox 659 857 698 920; x_wconf 91' lang='lat' dir='ltr'>ad</span> <span class='ocrx_word' id='word_1_27' title='bbox 715 858 880 937; x_wconf 89' lang='lat' dir='ltr'>quamdam</span> <span class='ocrx_word' id='word_1_28' title='bbox 898 858 1040 921; x_wconf 84' lang='lat' dir='ltr'>arborem</span> <span class='ocrx_word' id='word_1_29' title='bbox 1064 858 1155 920; x_wconf 88' lang='lat' dir='ltr'>tristis</span> <span class='ocrx_word' id='word_1_30' title='bbox 1178 861 1207 919; x_wconf 90' lang='lat' dir='ltr'>et</span> <span class='ocrx_word' id='word_1_31' title='bbox 1229 856 1340 921; x_wconf 91' lang='lat' dir='ltr'>dolens</span> <span class='ocrx_word' id='word_1_32' title='bbox 1363 862 1392 920; x_wconf 92' lang='lat' dir='ltr'>et</span> <span class='ocrx_word' id='word_1_33' title='bbox 1406 858 1510 921; x_wconf 94' lang='lat' dir='ltr'>voluit</span> 
     </span>
     <span class='ocr_line' id='line_1_5' title="bbox 436 946 1509 1027; baseline -0.001 -17"><span class='ocrx_word' id='word_1_34' title='bbox 436 946 570 1027; x_wconf 86' lang='lat' dir='ltr'>separari</span> <span class='ocrx_word' id='word_1_35' title='bbox 597 946 737 1023; x_wconf 89' lang='lat' dir='ltr'>asociis,</span> <span class='ocrx_word' id='word_1_36' title='bbox 769 951 896 1009; x_wconf 89' lang='lat' dir='ltr'>etcum</span> <span class='ocrx_word' id='word_1_37' title='bbox 925 946 1064 1009; x_wconf 73' lang='lat' dir='ltr'><strong>transiret</strong></span> <span class='ocrx_word' id='word_1_38' title='bbox 1091 946 1223 1026; x_wconf 88' lang='lat' dir='ltr'>quedam</span> <span class='ocrx_word' id='word_1_39' title='bbox 1255 950 1395 1009; x_wconf 88' lang='lat' dir='ltr'>matrona</span> <span class='ocrx_word' id='word_1_40' title='bbox 1424 946 1509 1009; x_wconf 83' lang='lat' dir='ltr'>iuxta</span> 
     </span>
     <span class='ocr_line' id='line_1_6' title="bbox 437 1035 1508 1116; baseline 0.002 -19"><span class='ocrx_word' id='word_1_41' title='bbox 437 1053 508 1098; x_wconf 88' lang='lat' dir='ltr'>eum</span> <span class='ocrx_word' id='word_1_42' title='bbox 532 1039 561 1098; x_wconf 90' lang='lat' dir='ltr'>et</span> <span class='ocrx_word' id='word_1_43' title='bbox 575 1052 662 1097; x_wconf 89' lang='lat' dir='ltr'>suam</span> <span class='ocrx_word' id='word_1_44' title='bbox 679 1035 788 1098; x_wconf 88' lang='lat' dir='ltr'>videns</span> <span class='ocrx_word' id='word_1_45' title='bbox 804 1035 1073 1116; x_wconf 89' lang='lat' dir='ltr'>pulchritudinem,</span> <span class='ocrx_word' id='word_1_46' title='bbox 1098 1039 1183 1116; x_wconf 88' lang='lat' dir='ltr'>capta</span> <span class='ocrx_word' id='word_1_47' title='bbox 1198 1040 1243 1098; x_wconf 92' lang='lat' dir='ltr'>est</span> <span class='ocrx_word' id='word_1_48' title='bbox 1259 1036 1290 1097; x_wconf 88' lang='lat' dir='ltr'>in</span> <span class='ocrx_word' id='word_1_49' title='bbox 1306 1054 1413 1098; x_wconf 87' lang='lat' dir='ltr'>amore</span> <span class='ocrx_word' id='word_1_50' title='bbox 1430 1036 1508 1099; x_wconf 80' lang='lat' dir='ltr'>eius,</span> 
     </span>
     <span class='ocr_line' id='line_1_7' title="bbox 437 1123 1508 1205; baseline 0 -18"><span class='ocrx_word' id='word_1_51' title='bbox 437 1124 509 1199; x_wconf 90' lang='lat' dir='ltr'>Que</span> <span class='ocrx_word' id='word_1_52' title='bbox 525 1124 651 1187; x_wconf 89' lang='lat' dir='ltr'>veniens</span> <span class='ocrx_word' id='word_1_53' title='bbox 666 1123 704 1186; x_wconf 91' lang='lat' dir='ltr'>ad</span> <span class='ocrx_word' id='word_1_54' title='bbox 721 1123 850 1187; x_wconf 87' lang='lat' dir='ltr'>domum</span> <span class='ocrx_word' id='word_1_55' title='bbox 867 1141 963 1201; x_wconf 88' lang='lat' dir='ltr'>suarn,</span> <span class='ocrx_word' id='word_1_56' title='bbox 980 1124 1061 1187; x_wconf 91' lang='lat' dir='ltr'>misit</span> <span class='ocrx_word' id='word_1_57' title='bbox 1080 1142 1136 1205; x_wconf 92' lang='lat' dir='ltr'>pro</span> <span class='ocrx_word' id='word_1_58' title='bbox 1149 1142 1196 1187; x_wconf 92' lang='lat' dir='ltr'>eo.</span> <span class='ocrx_word' id='word_1_59' title='bbox 1221 1124 1297 1198; x_wconf 90' lang='lat' dir='ltr'>Quo</span> <span class='ocrx_word' id='word_1_60' title='bbox 1309 1125 1453 1187; x_wconf 87' lang='lat' dir='ltr'>veniente</span> <span class='ocrx_word' id='word_1_61' title='bbox 1469 1125 1508 1187; x_wconf 92' lang='lat' dir='ltr'>ad</span> 
     </span>
     <span class='ocr_line' id='line_1_8' title="bbox 382 1213 1508 1290; baseline -0.002 -12"><span class='ocrx_word' id='word_1_62' title='bbox 382 1231 423 1278; x_wconf 81' lang='lat' dir='ltr'>suo</span> <span class='ocrx_word' id='word_1_63' title='bbox 438 1232 505 1277; x_wconf 86' lang='lat' dir='ltr'>earn</span> <span class='ocrx_word' id='word_1_64' title='bbox 529 1213 600 1276; x_wconf 89' lang='lat' dir='ltr'>iecit</span> <span class='ocrx_word' id='word_1_65' title='bbox 621 1214 797 1276; x_wconf 88' lang='lat' dir='ltr'>convivium</span> <span class='ocrx_word' id='word_1_66' title='bbox 822 1217 850 1276; x_wconf 92' lang='lat' dir='ltr'>et</span> <span class='ocrx_word' id='word_1_67' title='bbox 865 1213 944 1276; x_wconf 90' lang='lat' dir='ltr'>stetit</span> <span class='ocrx_word' id='word_1_68' title='bbox 958 1231 1028 1276; x_wconf 85' lang='lat' dir='ltr'>cunr</span> <span class='ocrx_word' id='word_1_69' title='bbox 1045 1232 1081 1276; x_wconf 88' lang='lat' dir='ltr'>ea</span> <span class='ocrx_word' id='word_1_70' title='bbox 1095 1218 1160 1276; x_wconf 92' lang='lat' dir='ltr'>toto</span> <span class='ocrx_word' id='word_1_71' title='bbox 1176 1213 1239 1290; x_wconf 86' lang='lat' dir='ltr'>die;</span> <span class='ocrx_word' id='word_1_72' title='bbox 1263 1213 1294 1275; x_wconf 94' lang='lat' dir='ltr'>in</span> <span class='ocrx_word' id='word_1_73' title='bbox 1311 1231 1380 1276; x_wconf 93' lang='lat' dir='ltr'>sero</span> <span class='ocrx_word' id='word_1_74' title='bbox 1403 1218 1508 1276; x_wconf 87' lang='lat' dir='ltr'>autern</span> 
     </span>
     <span class='ocr_line' id='line_1_9' title="bbox 437 1302 1510 1383; baseline -0.001 -18"><span class='ocrx_word' id='word_1_75' title='bbox 437 1302 564 1365; x_wconf 92' lang='lat' dir='ltr'>dornina</span> <span class='ocrx_word' id='word_1_76' title='bbox 588 1303 665 1365; x_wconf 89' lang='lat' dir='ltr'>dans</span> <span class='ocrx_word' id='word_1_77' title='bbox 696 1303 723 1365; x_wconf 92' lang='lat' dir='ltr'>ei</span> <span class='ocrx_word' id='word_1_78' title='bbox 754 1303 943 1383; x_wconf 86' lang='lat' dir='ltr'>quingentos</span> <span class='ocrx_word' id='word_1_79' title='bbox 973 1302 1116 1366; x_wconf 86' lang='lat' dir='ltr'>denarios</span> <span class='ocrx_word' id='word_1_80' title='bbox 1138 1306 1307 1382; x_wconf 84' lang='lat' dir='ltr'>argenteos,</span> <span class='ocrx_word' id='word_1_81' title='bbox 1337 1302 1510 1366; x_wconf 91' lang='lat' dir='ltr'>licenciavit</span> 
     </span>
     <span class='ocr_line' id='line_1_10' title="bbox 437 1391 1507 1471; baseline 0 -16"><span class='ocrx_word' id='word_1_82' title='bbox 437 1410 518 1456; x_wconf 89' lang='lat' dir='ltr'>eurn.</span> <span class='ocrx_word' id='word_1_83' title='bbox 557 1392 592 1453; x_wconf 83' lang='lat' dir='ltr'>Et</span> <span class='ocrx_word' id='word_1_84' title='bbox 608 1391 697 1454; x_wconf 90' lang='lat' dir='ltr'>rediit</span> <span class='ocrx_word' id='word_1_85' title='bbox 710 1392 749 1455; x_wconf 89' lang='lat' dir='ltr'>ad</span> <span class='ocrx_word' id='word_1_86' title='bbox 766 1392 869 1455; x_wconf 91' lang='lat' dir='ltr'>socios</span> <span class='ocrx_word' id='word_1_87' title='bbox 891 1409 966 1455; x_wconf 91' lang='lat' dir='ltr'>suos</span> <span class='ocrx_word' id='word_1_88' title='bbox 989 1391 1099 1455; x_wconf 83' lang='lat' dir='ltr'>fovens</span> <span class='ocrx_word' id='word_1_89' title='bbox 1122 1392 1207 1471; x_wconf 92' lang='lat' dir='ltr'>ipsos</span> <span class='ocrx_word' id='word_1_90' title='bbox 1231 1409 1286 1471; x_wconf 93' lang='lat' dir='ltr'>per</span> <span class='ocrx_word' id='word_1_91' title='bbox 1300 1396 1393 1455; x_wconf 89' lang='lat' dir='ltr'>totam</span> <span class='ocrx_word' id='word_1_92' title='bbox 1411 1392 1507 1455; x_wconf 89' lang='lat' dir='ltr'>diern.</span> 
     </span>
     <span class='ocr_line' id='line_1_11' title="bbox 526 1480 1508 1544; baseline 0.001 -2"><span class='ocrx_word' id='word_1_93' title='bbox 526 1480 631 1543; x_wconf 85' lang='lat' dir='ltr'>Tereia</span> <span class='ocrx_word' id='word_1_94' title='bbox 654 1499 729 1544; x_wconf 90' lang='lat' dir='ltr'>vero</span> <span class='ocrx_word' id='word_1_95' title='bbox 752 1481 802 1543; x_wconf 90' lang='lat' dir='ltr'>die</span> <span class='ocrx_word' id='word_1_96' title='bbox 825 1481 969 1543; x_wconf 86' lang='lat' dir='ltr'>dixerunt</span> <span class='ocrx_word' id='word_1_97' title='bbox 988 1480 1055 1543; x_wconf 87' lang='lat' dir='ltr'>lilio</span> <span class='ocrx_word' id='word_1_98' title='bbox 1079 1481 1266 1544; x_wconf 88' lang='lat' dir='ltr'>mercatoris:</span> <span class='ocrx_word' id='word_1_99' title='bbox 1291 1480 1376 1543; x_wconf 86' lang='lat' dir='ltr'>Vade</span> <span class='ocrx_word' id='word_1_100' title='bbox 1400 1485 1431 1543; x_wconf 85' lang='lat' dir='ltr'>et</span> <span class='ocrx_word' id='word_1_101' title='bbox 1455 1486 1508 1543; x_wconf 91' lang='lat' dir='ltr'>tuo</span> 
     </span>
     <span class='ocr_line' id='line_1_12' title="bbox 437 1568 1509 1650; baseline 0.001 -19"><span class='ocrx_word' id='word_1_102' title='bbox 437 1568 588 1633; x_wconf 89' lang='lat' dir='ltr'>intellectu</span> <span class='ocrx_word' id='word_1_103' title='bbox 628 1588 760 1650; x_wconf 89' lang='lat' dir='ltr'>procura</span> <span class='ocrx_word' id='word_1_104' title='bbox 798 1570 891 1633; x_wconf 89' lang='lat' dir='ltr'>nobis</span> <span class='ocrx_word' id='word_1_105' title='bbox 925 1570 1019 1633; x_wconf 90' lang='lat' dir='ltr'>hodie</span> <span class='ocrx_word' id='word_1_106' title='bbox 1051 1569 1173 1633; x_wconf 88' lang='lat' dir='ltr'>victum.</span> <span class='ocrx_word' id='word_1_107' title='bbox 1226 1569 1291 1644; x_wconf 90' lang='lat' dir='ltr'>Qui</span> <span class='ocrx_word' id='word_1_108' title='bbox 1328 1570 1509 1649; x_wconf 86' lang='lat' dir='ltr'>ingrediens</span> 
     </span>
     <span class='ocr_line' id='line_1_13' title="bbox 382 1658 1507 1739; baseline 0 -18"><span class='ocrx_word' id='word_1_109' title='bbox 382 1674 424 1721; x_wconf 81' lang='lat' dir='ltr'>sao</span> <span class='ocrx_word' id='word_1_110' title='bbox 438 1658 595 1736; x_wconf 89' lang='lat' dir='ltr'>civitatem,</span> <span class='ocrx_word' id='word_1_111' title='bbox 612 1659 695 1721; x_wconf 88' lang='lat' dir='ltr'>venit</span> <span class='ocrx_word' id='word_1_112' title='bbox 706 1659 743 1721; x_wconf 89' lang='lat' dir='ltr'>ad</span> <span class='ocrx_word' id='word_1_113' title='bbox 757 1662 880 1739; x_wconf 89' lang='lat' dir='ltr'>portum</span> <span class='ocrx_word' id='word_1_114' title='bbox 896 1659 994 1736; x_wconf 89' lang='lat' dir='ltr'>maris,</span> <span class='ocrx_word' id='word_1_115' title='bbox 1012 1659 1065 1723; x_wconf 91' lang='lat' dir='ltr'>ubi</span> <span class='ocrx_word' id='word_1_116' title='bbox 1078 1659 1288 1722; x_wconf 87' lang='lat' dir='ltr'>conventicula</span> <span class='ocrx_word' id='word_1_117' title='bbox 1300 1664 1507 1721; x_wconf 86' lang='lat' dir='ltr'>mercatorum</span> 
     </span>
     <span class='ocr_line' id='line_1_14' title="bbox 437 1747 1509 1827; baseline 0 -18"><span class='ocrx_word' id='word_1_118' title='bbox 437 1753 500 1810; x_wconf 91' lang='lat' dir='ltr'>erat</span> <span class='ocrx_word' id='word_1_119' title='bbox 530 1753 559 1810; x_wconf 91' lang='lat' dir='ltr'>et</span> <span class='ocrx_word' id='word_1_120' title='bbox 591 1747 755 1810; x_wconf 87' lang='lat' dir='ltr'>multarum</span> <span class='ocrx_word' id='word_1_121' title='bbox 787 1748 921 1812; x_wconf 86' lang='lat' dir='ltr'>navium.</span> <span class='ocrx_word' id='word_1_122' title='bbox 971 1748 1006 1810; x_wconf 84' lang='lat' dir='ltr'>Et</span> <span class='ocrx_word' id='word_1_123' title='bbox 1036 1748 1113 1810; x_wconf 90' lang='lat' dir='ltr'>vidit</span> <span class='ocrx_word' id='word_1_124' title='bbox 1145 1748 1260 1811; x_wconf 88' lang='lat' dir='ltr'>ibidem</span> <span class='ocrx_word' id='word_1_125' title='bbox 1294 1749 1509 1827; x_wconf 80' lang='lat' dir='ltr'>negociatores</span> 
     </span>
     <span class='ocr_line' id='line_1_15' title="bbox 437 1836 1509 1916; baseline 0.003 -19"><span class='ocrx_word' id='word_1_126' title='bbox 437 1836 598 1916; x_wconf 88' lang='lat' dir='ltr'>loquentes</span> <span class='ocrx_word' id='word_1_127' title='bbox 621 1855 690 1900; x_wconf 92' lang='lat' dir='ltr'>curn</span> <span class='ocrx_word' id='word_1_128' title='bbox 714 1841 845 1916; x_wconf 90' lang='lat' dir='ltr'>patrono</span> <span class='ocrx_word' id='word_1_129' title='bbox 868 1842 898 1899; x_wconf 91' lang='lat' dir='ltr'>et</span> <span class='ocrx_word' id='word_1_130' title='bbox 912 1837 1054 1910; x_wconf 86' lang='lat' dir='ltr'>dicentes,</span> <span class='ocrx_word' id='word_1_131' title='bbox 1078 1854 1116 1899; x_wconf 93' lang='lat' dir='ltr'>an</span> <span class='ocrx_word' id='word_1_132' title='bbox 1136 1837 1225 1899; x_wconf 90' lang='lat' dir='ltr'>vellet</span> <span class='ocrx_word' id='word_1_133' title='bbox 1248 1854 1305 1916; x_wconf 92' lang='lat' dir='ltr'>pro</span> <span class='ocrx_word' id='word_1_134' title='bbox 1329 1841 1410 1899; x_wconf 88' lang='lat' dir='ltr'>tanta</span> <span class='ocrx_word' id='word_1_135' title='bbox 1435 1838 1509 1900; x_wconf 90' lang='lat' dir='ltr'>dare</span> 
     </span>
     <span class='ocr_line' id='line_1_16' title="bbox 437 1925 1508 2006; baseline 0.001 -18"><span class='ocrx_word' id='word_1_136' title='bbox 437 1926 567 2006; x_wconf 90' lang='lat' dir='ltr'>pecunia</span> <span class='ocrx_word' id='word_1_137' title='bbox 582 1925 668 2006; x_wconf 89' lang='lat' dir='ltr'>quod</span> <span class='ocrx_word' id='word_1_138' title='bbox 685 1926 785 1989; x_wconf 91' lang='lat' dir='ltr'>renuit</span> <span class='ocrx_word' id='word_1_139' title='bbox 800 1931 961 2006; x_wconf 84' lang='lat' dir='ltr'>patronus;</span> <span class='ocrx_word' id='word_1_140' title='bbox 984 1931 1057 1989; x_wconf 90' lang='lat' dir='ltr'>tunc</span> <span class='ocrx_word' id='word_1_141' title='bbox 1073 1925 1215 1988; x_wconf 89' lang='lat' dir='ltr'>dixerunt</span> <span class='ocrx_word' id='word_1_142' title='bbox 1237 1925 1315 1989; x_wconf 88' lang='lat' dir='ltr'>inter</span> <span class='ocrx_word' id='word_1_143' title='bbox 1337 1944 1370 1989; x_wconf 89' lang='lat' dir='ltr'>se</span> <span class='ocrx_word' id='word_1_144' title='bbox 1392 1945 1508 1989; x_wconf 90' lang='lat' dir='ltr'>merca-</span> 
     </span>
     <span class='ocr_line' id='line_1_17' title="bbox 437 2014 1508 2095; baseline 0.002 -20"><span class='ocrx_word' id='word_1_145' title='bbox 437 2019 531 2078; x_wconf 82' lang='lat' dir='ltr'>tores:</span> <span class='ocrx_word' id='word_1_146' title='bbox 565 2014 744 2078; x_wconf 85' lang='lat' dir='ltr'>diiieramus</span> <span class='ocrx_word' id='word_1_147' title='bbox 768 2016 798 2076; x_wconf 95' lang='lat' dir='ltr'>in</span> <span class='ocrx_word' id='word_1_148' title='bbox 823 2016 997 2093; x_wconf 88' lang='lat' dir='ltr'>crastinum,</span> <span class='ocrx_word' id='word_1_149' title='bbox 1029 2014 1115 2095; x_wconf 91' lang='lat' dir='ltr'>quod</span> <span class='ocrx_word' id='word_1_150' title='bbox 1142 2032 1234 2077; x_wconf 88' lang='lat' dir='ltr'>nemo</span> <span class='ocrx_word' id='word_1_151' title='bbox 1259 2015 1380 2094; x_wconf 90' lang='lat' dir='ltr'>estqui</span> <span class='ocrx_word' id='word_1_152' title='bbox 1405 2016 1447 2078; x_wconf 90' lang='lat' dir='ltr'>ab</span> <span class='ocrx_word' id='word_1_153' title='bbox 1471 2033 1508 2077; x_wconf 89' lang='lat' dir='ltr'>eo</span> 
     </span>
     <span class='ocr_line' id='line_1_18' title="bbox 382 2103 1507 2180; baseline 0.002 -15"><span class='ocrx_word' id='word_1_154' title='bbox 382 2118 423 2165; x_wconf 73' lang='lat' dir='ltr'>aro</span> <span class='ocrx_word' id='word_1_155' title='bbox 438 2107 526 2166; x_wconf 88' lang='lat' dir='ltr'>enrat.</span> <span class='ocrx_word' id='word_1_156' title='bbox 573 2103 669 2177; x_wconf 90' lang='lat' dir='ltr'>Quod</span> <span class='ocrx_word' id='word_1_157' title='bbox 697 2103 827 2167; x_wconf 89' lang='lat' dir='ltr'>audiens</span> <span class='ocrx_word' id='word_1_158' title='bbox 854 2103 937 2167; x_wconf 88' lang='lat' dir='ltr'>iilius</span> <span class='ocrx_word' id='word_1_159' title='bbox 967 2104 1142 2169; x_wconf 89' lang='lat' dir='ltr'>mercatoris</span> <span class='ocrx_word' id='word_1_160' title='bbox 1169 2108 1198 2166; x_wconf 96' lang='lat' dir='ltr'>et</span> <span class='ocrx_word' id='word_1_161' title='bbox 1224 2103 1284 2167; x_wconf 91' lang='lat' dir='ltr'>illis</span> <span class='ocrx_word' id='word_1_162' title='bbox 1310 2103 1507 2180; x_wconf 89' lang='lat' dir='ltr'>abeuntibus,</span> 
     </span>
     <span class='ocr_line' id='line_1_19' title="bbox 436 2192 1509 2273; baseline 0 -18"><span class='ocrx_word' id='word_1_163' title='bbox 436 2192 560 2255; x_wconf 89' lang='lat' dir='ltr'>accessit</span> <span class='ocrx_word' id='word_1_164' title='bbox 588 2193 628 2255; x_wconf 91' lang='lat' dir='ltr'>ad</span> <span class='ocrx_word' id='word_1_165' title='bbox 659 2198 836 2273; x_wconf 86' lang='lat' dir='ltr'>patronum,</span> <span class='ocrx_word' id='word_1_166' title='bbox 871 2193 925 2273; x_wconf 91' lang='lat' dir='ltr'>qui</span> <span class='ocrx_word' id='word_1_167' title='bbox 956 2199 1071 2273; x_wconf 89' lang='lat' dir='ltr'>patrem</span> <span class='ocrx_word' id='word_1_168' title='bbox 1102 2192 1168 2255; x_wconf 89' lang='lat' dir='ltr'>eius</span> <span class='ocrx_word' id='word_1_169' title='bbox 1198 2193 1278 2256; x_wconf 91' lang='lat' dir='ltr'>bene</span> <span class='ocrx_word' id='word_1_170' title='bbox 1308 2198 1450 2267; x_wconf 87' lang='lat' dir='ltr'>noverat;</span> <span class='ocrx_word' id='word_1_171' title='bbox 1481 2197 1509 2256; x_wconf 92' lang='lat' dir='ltr'>et</span> 
     </span>
     <span class='ocr_line' id='line_1_20' title="bbox 437 2281 1507 2362; baseline 0.001 -18"><span class='ocrx_word' id='word_1_172' title='bbox 437 2281 620 2345; x_wconf 88' lang='lat' dir='ltr'>convenibat</span> <span class='ocrx_word' id='word_1_173' title='bbox 642 2300 712 2345; x_wconf 88' lang='lat' dir='ltr'>cunr</span> <span class='ocrx_word' id='word_1_174' title='bbox 737 2299 775 2345; x_wconf 91' lang='lat' dir='ltr'>eo</span> <span class='ocrx_word' id='word_1_175' title='bbox 798 2300 856 2362; x_wconf 93' lang='lat' dir='ltr'>pro</span> <span class='ocrx_word' id='word_1_176' title='bbox 878 2282 1048 2359; x_wconf 86' lang='lat' dir='ltr'>mercantia,</span> <span class='ocrx_word' id='word_1_177' title='bbox 1072 2300 1164 2362; x_wconf 89' lang='lat' dir='ltr'>quam</span> <span class='ocrx_word' id='word_1_178' title='bbox 1189 2282 1262 2343; x_wconf 89' lang='lat' dir='ltr'>emit</span> <span class='ocrx_word' id='word_1_179' title='bbox 1285 2299 1342 2361; x_wconf 91' lang='lat' dir='ltr'>pro</span> <span class='ocrx_word' id='word_1_180' title='bbox 1365 2284 1507 2362; x_wconf 90' lang='lat' dir='ltr'>quinque</span> 
     </span>
     <span class='ocr_line' id='line_1_21' title="bbox 439 2370 1508 2435; baseline 0.002 -3"><span class='ocrx_word' id='word_1_181' title='bbox 439 2370 575 2433; x_wconf 89' lang='lat' dir='ltr'>millibus</span> <span class='ocrx_word' id='word_1_182' title='bbox 608 2371 744 2434; x_wconf 84' lang='lat' dir='ltr'>florenis.</span> <span class='ocrx_word' id='word_1_183' title='bbox 796 2371 898 2433; x_wconf 77' lang='lat' dir='ltr'>Altera</span> <span class='ocrx_word' id='word_1_184' title='bbox 932 2390 1006 2434; x_wconf 90' lang='lat' dir='ltr'>vero</span> <span class='ocrx_word' id='word_1_185' title='bbox 1041 2370 1092 2434; x_wconf 90' lang='lat' dir='ltr'>die</span> <span class='ocrx_word' id='word_1_186' title='bbox 1125 2370 1289 2434; x_wconf 89' lang='lat' dir='ltr'>veniebant</span> <span class='ocrx_word' id='word_1_187' title='bbox 1323 2376 1508 2435; x_wconf 79' lang='lat' dir='ltr'>mercatores</span> 
     </span>
     <span class='ocr_line' id='line_1_22' title="bbox 438 2459 1506 2541; baseline 0.001 -19"><span class='ocrx_word' id='word_1_188' title='bbox 438 2459 577 2524; x_wconf 88' lang='lat' dir='ltr'>videntes</span> <span class='ocrx_word' id='word_1_189' title='bbox 603 2478 636 2524; x_wconf 91' lang='lat' dir='ltr'>se</span> <span class='ocrx_word' id='word_1_190' title='bbox 666 2478 732 2524; x_wconf 91' lang='lat' dir='ltr'>esse</span> <span class='ocrx_word' id='word_1_191' title='bbox 760 2465 932 2541; x_wconf 88' lang='lat' dir='ltr'>preventos‚</span> <span class='ocrx_word' id='word_1_192' title='bbox 964 2464 1103 2524; x_wconf 88' lang='lat' dir='ltr'>enrerunt</span> <span class='ocrx_word' id='word_1_193' title='bbox 1129 2478 1146 2522; x_wconf 91' lang='lat' dir='ltr'>a</span> <span class='ocrx_word' id='word_1_194' title='bbox 1175 2459 1285 2523; x_wconf 88' lang='lat' dir='ltr'>iuvene</span> <span class='ocrx_word' id='word_1_195' title='bbox 1316 2478 1374 2540; x_wconf 90' lang='lat' dir='ltr'>pro</span> <span class='ocrx_word' id='word_1_196' title='bbox 1398 2462 1506 2525; x_wconf 85' lang='lat' dir='ltr'>decem</span> 
     </span>
     <span class='ocr_line' id='line_1_23' title="bbox 383 2549 1507 2613; baseline 0.002 -3"><span class='ocrx_word' id='word_1_197' title='bbox 383 2563 424 2610; x_wconf 75' lang='lat' dir='ltr'>sn</span> <span class='ocrx_word' id='word_1_198' title='bbox 439 2549 577 2612; x_wconf 88' lang='lat' dir='ltr'>millibus</span> <span class='ocrx_word' id='word_1_199' title='bbox 605 2550 715 2613; x_wconf 92' lang='lat' dir='ltr'>aureis.</span> <span class='ocrx_word' id='word_1_200' title='bbox 769 2551 805 2612; x_wconf 82' lang='lat' dir='ltr'>Et</span> <span class='ocrx_word' id='word_1_201' title='bbox 834 2550 878 2613; x_wconf 93' lang='lat' dir='ltr'>sic</span> <span class='ocrx_word' id='word_1_202' title='bbox 908 2550 1029 2613; x_wconf 87' lang='lat' dir='ltr'>recessit</span> <span class='ocrx_word' id='word_1_203' title='bbox 1059 2550 1114 2613; x_wconf 89' lang='lat' dir='ltr'>iste</span> <span class='ocrx_word' id='word_1_204' title='bbox 1144 2549 1264 2612; x_wconf 91' lang='lat' dir='ltr'>iuvenis</span> <span class='ocrx_word' id='word_1_205' title='bbox 1293 2555 1323 2612; x_wconf 92' lang='lat' dir='ltr'>et</span> <span class='ocrx_word' id='word_1_206' title='bbox 1352 2552 1439 2613; x_wconf 90' lang='lat' dir='ltr'>venit</span> <span class='ocrx_word' id='word_1_207' title='bbox 1469 2550 1507 2612; x_wconf 92' lang='lat' dir='ltr'>ad</span> 
     </span>
     <span class='ocr_line' id='line_1_24' title="bbox 438 2638 1508 2719; baseline -0.001 -17"><span class='ocrx_word' id='word_1_208' title='bbox 438 2639 540 2702; x_wconf 90' lang='lat' dir='ltr'>socios</span> <span class='ocrx_word' id='word_1_209' title='bbox 555 2656 641 2716; x_wconf 91' lang='lat' dir='ltr'>suos;</span> <span class='ocrx_word' id='word_1_210' title='bbox 662 2639 856 2719; x_wconf 85' lang='lat' dir='ltr'>scripsitque:</span> <span class='ocrx_word' id='word_1_211' title='bbox 873 2657 943 2701; x_wconf 92' lang='lat' dir='ltr'>curn</span> <span class='ocrx_word' id='word_1_212' title='bbox 960 2638 1178 2719; x_wconf 87' lang='lat' dir='ltr'>circumspecta</span> <span class='ocrx_word' id='word_1_213' title='bbox 1194 2639 1357 2719; x_wconf 85' lang='lat' dir='ltr'>prudentia</span> <span class='ocrx_word' id='word_1_214' title='bbox 1371 2639 1508 2703; x_wconf 86' lang='lat' dir='ltr'>lucratus</span> 
     </span>
     <span class='ocr_line' id='line_1_25' title="bbox 438 2727 1508 2808; baseline 0 -17"><span class='ocrx_word' id='word_1_215' title='bbox 438 2734 483 2791; x_wconf 90' lang='lat' dir='ltr'>est</span> <span class='ocrx_word' id='word_1_216' title='bbox 505 2746 587 2792; x_wconf 91' lang='lat' dir='ltr'>unus</span> <span class='ocrx_word' id='word_1_217' title='bbox 616 2746 677 2791; x_wconf 93' lang='lat' dir='ltr'>una</span> <span class='ocrx_word' id='word_1_218' title='bbox 700 2728 751 2790; x_wconf 90' lang='lat' dir='ltr'>die</span> <span class='ocrx_word' id='word_1_219' title='bbox 781 2728 921 2808; x_wconf 89' lang='lat' dir='ltr'>quinque</span> <span class='ocrx_word' id='word_1_220' title='bbox 949 2727 1044 2790; x_wconf 89' lang='lat' dir='ltr'>millia</span> <span class='ocrx_word' id='word_1_221' title='bbox 1072 2727 1275 2792; x_wconf 87' lang='lat' dir='ltr'>florenorum.</span> <span class='ocrx_word' id='word_1_222' title='bbox 1324 2729 1360 2790; x_wconf 82' lang='lat' dir='ltr'>Et</span> <span class='ocrx_word' id='word_1_223' title='bbox 1382 2729 1421 2791; x_wconf 91' lang='lat' dir='ltr'>de</span> <span class='ocrx_word' id='word_1_224' title='bbox 1449 2730 1508 2791; x_wconf 94' lang='lat' dir='ltr'>hoc</span> 
     </span>
     <span class='ocr_line' id='line_1_26' title="bbox 437 2817 915 2881; baseline -0.004 -1"><span class='ocrx_word' id='word_1_225' title='bbox 437 2835 471 2880; x_wconf 92' lang='lat' dir='ltr'>se</span> <span class='ocrx_word' id='word_1_226' title='bbox 494 2823 523 2881; x_wconf 88' lang='lat' dir='ltr'>et</span> <span class='ocrx_word' id='word_1_227' title='bbox 545 2817 647 2881; x_wconf 92' lang='lat' dir='ltr'>socios</span> <span class='ocrx_word' id='word_1_228' title='bbox 670 2835 744 2880; x_wconf 91' lang='lat' dir='ltr'>suos</span> <span class='ocrx_word' id='word_1_229' title='bbox 767 2817 915 2880; x_wconf 90' lang='lat' dir='ltr'>educavit.</span> 
     </span>
     <span class='ocr_line' id='line_1_27' title="bbox 528 2905 1507 2984; baseline -0.001 -15"><span class='ocrx_word' id='word_1_230' title='bbox 528 2906 644 2980; x_wconf 85' lang='lat' dir='ltr'>Quarta</span> <span class='ocrx_word' id='word_1_231' title='bbox 674 2925 748 2969; x_wconf 91' lang='lat' dir='ltr'>vero</span> <span class='ocrx_word' id='word_1_232' title='bbox 778 2905 829 2969; x_wconf 90' lang='lat' dir='ltr'>die</span> <span class='ocrx_word' id='word_1_233' title='bbox 856 2907 1000 2968; x_wconf 87' lang='lat' dir='ltr'>dixerunt</span> <span class='ocrx_word' id='word_1_234' title='bbox 1028 2905 1096 2968; x_wconf 85' lang='lat' dir='ltr'>filio</span> <span class='ocrx_word' id='word_1_235' title='bbox 1123 2905 1216 2984; x_wconf 84' lang='lat' dir='ltr'>regis:</span> <span class='ocrx_word' id='word_1_236' title='bbox 1250 2905 1336 2969; x_wconf 89' lang='lat' dir='ltr'>Vade</span> <span class='ocrx_word' id='word_1_237' title='bbox 1363 2909 1392 2968; x_wconf 88' lang='lat' dir='ltr'>et</span> <span class='ocrx_word' id='word_1_238' title='bbox 1418 2911 1454 2968; x_wconf 92' lang='lat' dir='ltr'>tu</span> <span class='ocrx_word' id='word_1_239' title='bbox 1480 2911 1507 2968; x_wconf 90' lang='lat' dir='ltr'>et</span> 
     </span>
     <span class='ocr_line' id='line_1_28' title="bbox 382 2994 1508 3075; baseline -0.003 -14"><span class='ocrx_word' id='word_1_240' title='bbox 382 3013 424 3061; x_wconf 79' lang='lat' dir='ltr'>suo</span> <span class='ocrx_word' id='word_1_241' title='bbox 440 3013 569 3075; x_wconf 92' lang='lat' dir='ltr'>procura</span> <span class='ocrx_word' id='word_1_242' title='bbox 585 2995 677 3058; x_wconf 93' lang='lat' dir='ltr'>nobis</span> <span class='ocrx_word' id='word_1_243' title='bbox 693 2995 786 3058; x_wconf 91' lang='lat' dir='ltr'>hodie</span> <span class='ocrx_word' id='word_1_244' title='bbox 802 2995 977 3072; x_wconf 85' lang='lat' dir='ltr'>necessaria,</span> <span class='ocrx_word' id='word_1_245' title='bbox 1001 2995 1055 3074; x_wconf 92' lang='lat' dir='ltr'>qui</span> <span class='ocrx_word' id='word_1_246' title='bbox 1072 2994 1111 3057; x_wconf 93' lang='lat' dir='ltr'>de</span> <span class='ocrx_word' id='word_1_247' title='bbox 1127 2994 1385 3074; x_wconf 87' lang='lat' dir='ltr'>predestinatione</span> <span class='ocrx_word' id='word_1_248' title='bbox 1400 2995 1508 3058; x_wconf 89' lang='lat' dir='ltr'>divina</span> 
     </span>
     <span class='ocr_line' id='line_1_29' title="bbox 438 3083 1508 3158; baseline 0 -12"><span class='ocrx_word' id='word_1_249' title='bbox 438 3084 559 3146; x_wconf 89' lang='lat' dir='ltr'>locutus</span> <span class='ocrx_word' id='word_1_250' title='bbox 582 3102 615 3146; x_wconf 91' lang='lat' dir='ltr'>es</span> <span class='ocrx_word' id='word_1_251' title='bbox 638 3087 667 3145; x_wconf 92' lang='lat' dir='ltr'>et</span> <span class='ocrx_word' id='word_1_252' title='bbox 689 3088 720 3145; x_wconf 93' lang='lat' dir='ltr'>tu</span> <span class='ocrx_word' id='word_1_253' title='bbox 745 3084 776 3146; x_wconf 94' lang='lat' dir='ltr'>in</span> <span class='ocrx_word' id='word_1_254' title='bbox 801 3102 867 3146; x_wconf 88' lang='lat' dir='ltr'>earn</span> <span class='ocrx_word' id='word_1_255' title='bbox 893 3083 1034 3147; x_wconf 90' lang='lat' dir='ltr'>confidis.</span> <span class='ocrx_word' id='word_1_256' title='bbox 1075 3083 1139 3158; x_wconf 89' lang='lat' dir='ltr'>Qui</span> <span class='ocrx_word' id='word_1_257' title='bbox 1163 3100 1233 3146; x_wconf 92' lang='lat' dir='ltr'>curn</span> <span class='ocrx_word' id='word_1_258' title='bbox 1259 3084 1315 3146; x_wconf 87' lang='lat' dir='ltr'>iret</span> <span class='ocrx_word' id='word_1_259' title='bbox 1328 3087 1357 3146; x_wconf 90' lang='lat' dir='ltr'>et</span> <span class='ocrx_word' id='word_1_260' title='bbox 1380 3083 1508 3147; x_wconf 88' lang='lat' dir='ltr'>sedebat</span> 
     </span>
     <span class='ocr_line' id='line_1_30' title="bbox 437 3171 1526 3253; baseline 0.002 -19"><span class='ocrx_word' id='word_1_261' title='bbox 437 3172 530 3235; x_wconf 88' lang='lat' dir='ltr'>tristis</span> <span class='ocrx_word' id='word_1_262' title='bbox 552 3175 581 3234; x_wconf 90' lang='lat' dir='ltr'>et</span> <span class='ocrx_word' id='word_1_263' title='bbox 603 3171 713 3236; x_wconf 90' lang='lat' dir='ltr'>dolens</span> <span class='ocrx_word' id='word_1_264' title='bbox 736 3172 818 3235; x_wconf 87' lang='lat' dir='ltr'>iuxta</span> <span class='ocrx_word' id='word_1_265' title='bbox 841 3177 960 3253; x_wconf 88' lang='lat' dir='ltr'>portam</span> <span class='ocrx_word' id='word_1_266' title='bbox 983 3172 1117 3250; x_wconf 87' lang='lat' dir='ltr'>civitatis,</span> <span class='ocrx_word' id='word_1_267' title='bbox 1141 3177 1169 3235; x_wconf 87' lang='lat' dir='ltr'>et</span> <span class='ocrx_word' id='word_1_268' title='bbox 1192 3172 1303 3235; x_wconf 88' lang='lat' dir='ltr'>iactum</span> <span class='ocrx_word' id='word_1_269' title='bbox 1328 3176 1372 3236; x_wconf 93' lang='lat' dir='ltr'>est</span> <span class='ocrx_word' id='word_1_270' title='bbox 1394 3191 1412 3234; x_wconf 94' lang='lat' dir='ltr'>a</span> <span class='ocrx_word' id='word_1_271' title='bbox 1435 3173 1526 3250; x_wconf 50' lang='lat' dir='ltr'>deos</span> 
     </span>
     <span class='ocr_line' id='line_1_31' title="bbox 438 3261 1507 3342; baseline 0.002 -20"><span class='ocrx_word' id='word_1_272' title='bbox 438 3265 471 3322; x_wconf 92' lang='lat' dir='ltr'>ut</span> <span class='ocrx_word' id='word_1_273' title='bbox 494 3263 635 3323; x_wconf 90' lang='lat' dir='ltr'>mortuus</span> <span class='ocrx_word' id='word_1_274' title='bbox 657 3266 736 3326; x_wconf 90' lang='lat' dir='ltr'>esset</span> <span class='ocrx_word' id='word_1_275' title='bbox 758 3281 810 3324; x_wconf 88' lang='lat' dir='ltr'>rex</span> <span class='ocrx_word' id='word_1_276' title='bbox 834 3262 916 3324; x_wconf 90' lang='lat' dir='ltr'>illius</span> <span class='ocrx_word' id='word_1_277' title='bbox 940 3261 1097 3342; x_wconf 88' lang='lat' dir='ltr'>provincie</span> <span class='ocrx_word' id='word_1_278' title='bbox 1113 3262 1143 3324; x_wconf 94' lang='lat' dir='ltr'>in</span> <span class='ocrx_word' id='word_1_279' title='bbox 1162 3261 1212 3323; x_wconf 87' lang='lat' dir='ltr'>illa</span> <span class='ocrx_word' id='word_1_280' title='bbox 1235 3261 1285 3324; x_wconf 88' lang='lat' dir='ltr'>die</span> <span class='ocrx_word' id='word_1_281' title='bbox 1310 3279 1373 3324; x_wconf 92' lang='lat' dir='ltr'>non</span> <span class='ocrx_word' id='word_1_282' title='bbox 1394 3262 1507 3325; x_wconf 91' lang='lat' dir='ltr'>relictis</span> 
     </span>
     <span class='ocr_line' id='line_1_32' title="bbox 438 3348 1507 3431; baseline 0.002 -21"><span class='ocrx_word' id='word_1_283' title='bbox 438 3348 511 3411; x_wconf 89' lang='lat' dir='ltr'>liliis</span> <span class='ocrx_word' id='word_1_284' title='bbox 540 3349 587 3411; x_wconf 91' lang='lat' dir='ltr'>vel</span> <span class='ocrx_word' id='word_1_285' title='bbox 620 3348 726 3429; x_wconf 91' lang='lat' dir='ltr'>aliquo</span> <span class='ocrx_word' id='word_1_286' title='bbox 756 3351 998 3431; x_wconf 80' lang='lat' dir='ltr'>consanguineo.</span> <span class='ocrx_word' id='word_1_287' title='bbox 1055 3351 1090 3413; x_wconf 83' lang='lat' dir='ltr'>Et</span> <span class='ocrx_word' id='word_1_288' title='bbox 1120 3368 1190 3413; x_wconf 90' lang='lat' dir='ltr'>cunr</span> <span class='ocrx_word' id='word_1_289' title='bbox 1219 3350 1313 3413; x_wconf 87' lang='lat' dir='ltr'>exiret</span> <span class='ocrx_word' id='word_1_290' title='bbox 1343 3351 1507 3413; x_wconf 90' lang='lat' dir='ltr'>universus</span> 
     </span>
     <span class='ocr_line' id='line_1_33' title="bbox 383 3438 1505 3521; baseline 0.001 -20"><span class='ocrx_word' id='word_1_291' title='bbox 383 3454 425 3501; x_wconf 78' lang='lat' dir='ltr'>au</span> <span class='ocrx_word' id='word_1_292' title='bbox 440 3438 576 3517; x_wconf 89' lang='lat' dir='ltr'>populus</span> <span class='ocrx_word' id='word_1_293' title='bbox 590 3438 629 3500; x_wconf 93' lang='lat' dir='ltr'>ad</span> <span class='ocrx_word' id='word_1_294' title='bbox 645 3438 856 3518; x_wconf 88' lang='lat' dir='ltr'>sepeliendum</span> <span class='ocrx_word' id='word_1_295' title='bbox 873 3457 987 3521; x_wconf 92' lang='lat' dir='ltr'>corpus</span> <span class='ocrx_word' id='word_1_296' title='bbox 1003 3439 1091 3518; x_wconf 88' lang='lat' dir='ltr'>regis,</span> <span class='ocrx_word' id='word_1_297' title='bbox 1116 3439 1299 3502; x_wconf 88' lang='lat' dir='ltr'>transierunt</span> <span class='ocrx_word' id='word_1_298' title='bbox 1315 3439 1396 3502; x_wconf 87' lang='lat' dir='ltr'>iuxta</span> <span class='ocrx_word' id='word_1_299' title='bbox 1412 3440 1505 3502; x_wconf 89' lang='lat' dir='ltr'>istunr</span> 
     </span>
     <span class='ocr_line' id='line_1_34' title="bbox 438 3526 1506 3609; baseline 0.002 -21"><span class='ocrx_word' id='word_1_300' title='bbox 438 3527 579 3590; x_wconf 89' lang='lat' dir='ltr'>iuvenem</span> <span class='ocrx_word' id='word_1_301' title='bbox 597 3526 649 3607; x_wconf 90' lang='lat' dir='ltr'>qui</span> <span class='ocrx_word' id='word_1_302' title='bbox 666 3528 791 3591; x_wconf 88' lang='lat' dir='ltr'>sedebat</span> <span class='ocrx_word' id='word_1_303' title='bbox 807 3529 849 3592; x_wconf 93' lang='lat' dir='ltr'>ibi</span> <span class='ocrx_word' id='word_1_304' title='bbox 866 3547 930 3592; x_wconf 94' lang='lat' dir='ltr'>non</span> <span class='ocrx_word' id='word_1_305' title='bbox 947 3545 1077 3608; x_wconf 87' lang='lat' dir='ltr'>surgens</span> <span class='ocrx_word' id='word_1_306' title='bbox 1093 3528 1131 3590; x_wconf 90' lang='lat' dir='ltr'>de</span> <span class='ocrx_word' id='word_1_307' title='bbox 1151 3529 1220 3592; x_wconf 93' lang='lat' dir='ltr'>loco</span> <span class='ocrx_word' id='word_1_308' title='bbox 1245 3546 1301 3591; x_wconf 91' lang='lat' dir='ltr'>nec</span> <span class='ocrx_word' id='word_1_309' title='bbox 1316 3529 1506 3609; x_wconf 89' lang='lat' dir='ltr'>compatiens</span> 
     </span>
     <span class='ocr_line' id='line_1_35' title="bbox 438 3616 1506 3698; baseline 0.004 -22"><span class='ocrx_word' id='word_1_310' title='bbox 438 3616 528 3678; x_wconf 89' lang='lat' dir='ltr'>morti</span> <span class='ocrx_word' id='word_1_311' title='bbox 559 3617 652 3696; x_wconf 85' lang='lat' dir='ltr'>regis.</span> <span class='ocrx_word' id='word_1_312' title='bbox 699 3617 747 3681; x_wconf 90' lang='lat' dir='ltr'>De</span> <span class='ocrx_word' id='word_1_313' title='bbox 774 3636 840 3698; x_wconf 91' lang='lat' dir='ltr'>quo</span> <span class='ocrx_word' id='word_1_314' title='bbox 871 3619 1038 3682; x_wconf 89' lang='lat' dir='ltr'>mirabatur</span> <span class='ocrx_word' id='word_1_315' title='bbox 1068 3617 1212 3698; x_wconf 88' lang='lat' dir='ltr'>populus,</span> <span class='ocrx_word' id='word_1_316' title='bbox 1243 3621 1272 3680; x_wconf 94' lang='lat' dir='ltr'>et</span> <span class='ocrx_word' id='word_1_317' title='bbox 1299 3635 1369 3680; x_wconf 92' lang='lat' dir='ltr'>curn</span> <span class='ocrx_word' id='word_1_318' title='bbox 1398 3618 1437 3680; x_wconf 92' lang='lat' dir='ltr'>ab</span> <span class='ocrx_word' id='word_1_319' title='bbox 1468 3636 1506 3680; x_wconf 87' lang='lat' dir='ltr'>eo</span> 
     </span>
     <span class='ocr_line' id='line_1_36' title="bbox 439 3704 1507 3787; baseline 0.004 -23"><span class='ocrx_word' id='word_1_320' title='bbox 439 3704 676 3785; x_wconf 86' lang='lat' dir='ltr'>interrogassent</span> <span class='ocrx_word' id='word_1_321' title='bbox 697 3725 820 3772; x_wconf 90' lang='lat' dir='ltr'>causam</span> <span class='ocrx_word' id='word_1_322' title='bbox 843 3725 946 3787; x_wconf 89' lang='lat' dir='ltr'>quare,</span> <span class='ocrx_word' id='word_1_323' title='bbox 971 3707 1022 3770; x_wconf 93' lang='lat' dir='ltr'>ille</span> <span class='ocrx_word' id='word_1_324' title='bbox 1045 3707 1180 3784; x_wconf 90' lang='lat' dir='ltr'>obticuit,</span> <span class='ocrx_word' id='word_1_325' title='bbox 1204 3712 1233 3769; x_wconf 88' lang='lat' dir='ltr'>et</span> <span class='ocrx_word' id='word_1_326' title='bbox 1257 3724 1319 3769; x_wconf 94' lang='lat' dir='ltr'>non</span> <span class='ocrx_word' id='word_1_327' title='bbox 1345 3706 1507 3786; x_wconf 90' lang='lat' dir='ltr'>respondit</span> 
     </span>
     <span class='ocr_line' id='line_1_37' title="bbox 438 3793 1504 3877; baseline 0.003 -24"><span class='ocrx_word' id='word_1_328' title='bbox 438 3793 614 3873; x_wconf 88' lang='lat' dir='ltr'>quicquam,</span> <span class='ocrx_word' id='word_1_329' title='bbox 639 3802 763 3877; x_wconf 90' lang='lat' dir='ltr'>propter</span> <span class='ocrx_word' id='word_1_330' title='bbox 779 3795 864 3875; x_wconf 92' lang='lat' dir='ltr'>quod</span> <span class='ocrx_word' id='word_1_331' title='bbox 890 3796 1036 3876; x_wconf 89' lang='lat' dir='ltr'>expulsus</span> <span class='ocrx_word' id='word_1_332' title='bbox 1060 3800 1105 3858; x_wconf 89' lang='lat' dir='ltr'>est</span> <span class='ocrx_word' id='word_1_333' title='bbox 1127 3796 1167 3858; x_wconf 90' lang='lat' dir='ltr'>de</span> <span class='ocrx_word' id='word_1_334' title='bbox 1190 3796 1243 3858; x_wconf 90' lang='lat' dir='ltr'>illo</span> <span class='ocrx_word' id='word_1_335' title='bbox 1268 3796 1345 3858; x_wconf 92' lang='lat' dir='ltr'>loco.</span> <span class='ocrx_word' id='word_1_336' title='bbox 1378 3797 1504 3858; x_wconf 83' lang='lat' dir='ltr'>Etcum</span> 
     </span>
     <span class='ocr_line' id='line_1_38' title="bbox 383 3880 1506 3965; baseline 0.004 -25"><span class='ocrx_word' id='word_1_337' title='bbox 383 3895 424 3941; x_wconf 83' lang='lat' dir='ltr'>aso</span> <span class='ocrx_word' id='word_1_338' title='bbox 439 3880 575 3945; x_wconf 89' lang='lat' dir='ltr'>redirent</span> <span class='ocrx_word' id='word_1_339' title='bbox 597 3883 636 3947; x_wconf 91' lang='lat' dir='ltr'>de</span> <span class='ocrx_word' id='word_1_340' title='bbox 651 3886 807 3965; x_wconf 90' lang='lat' dir='ltr'>sepultura</span> <span class='ocrx_word' id='word_1_341' title='bbox 823 3885 911 3964; x_wconf 90' lang='lat' dir='ltr'>regis,</span> <span class='ocrx_word' id='word_1_342' title='bbox 936 3884 1011 3947; x_wconf 90' lang='lat' dir='ltr'>vidit</span> <span class='ocrx_word' id='word_1_343' title='bbox 1027 3885 1129 3964; x_wconf 91' lang='lat' dir='ltr'>ipsum</span> <span class='ocrx_word' id='word_1_344' title='bbox 1146 3884 1197 3947; x_wconf 91' lang='lat' dir='ltr'>ille</span> <span class='ocrx_word' id='word_1_345' title='bbox 1213 3885 1266 3964; x_wconf 92' lang='lat' dir='ltr'>qui</span> <span class='ocrx_word' id='word_1_346' title='bbox 1287 3901 1357 3946; x_wconf 88' lang='lat' dir='ltr'>eum</span> <span class='ocrx_word' id='word_1_347' title='bbox 1375 3885 1506 3965; x_wconf 86' lang='lat' dir='ltr'>expulsit</span> 
     </span>
     <span class='ocr_line' id='line_1_39' title="bbox 438 3969 1505 4054; baseline 0.006 -26"><span class='ocrx_word' id='word_1_348' title='bbox 438 3972 468 4028; x_wconf 91' lang='lat' dir='ltr'>et</span> <span class='ocrx_word' id='word_1_349' title='bbox 490 3969 566 4032; x_wconf 87' lang='lat' dir='ltr'>dixit</span> <span class='ocrx_word' id='word_1_350' title='bbox 589 3973 630 4034; x_wconf 91' lang='lat' dir='ltr'>ei:</span> <span class='ocrx_word' id='word_1_351' title='bbox 655 3974 768 4035; x_wconf 90' lang='lat' dir='ltr'>Nonne</span> <span class='ocrx_word' id='word_1_352' title='bbox 791 3972 845 4035; x_wconf 92' lang='lat' dir='ltr'>tibi</span> <span class='ocrx_word' id='word_1_353' title='bbox 862 3974 993 4054; x_wconf 89' lang='lat' dir='ltr'>precepi,</span> <span class='ocrx_word' id='word_1_354' title='bbox 1018 3977 1051 4035; x_wconf 92' lang='lat' dir='ltr'>ut</span> <span class='ocrx_word' id='word_1_355' title='bbox 1067 3991 1130 4035; x_wconf 94' lang='lat' dir='ltr'>non</span> <span class='ocrx_word' id='word_1_356' title='bbox 1145 3973 1279 4054; x_wconf 88' lang='lat' dir='ltr'>arnplius</span> <span class='ocrx_word' id='word_1_357' title='bbox 1295 3973 1344 4035; x_wconf 91' lang='lat' dir='ltr'>hic</span> <span class='ocrx_word' id='word_1_358' title='bbox 1359 3972 1505 4036; x_wconf 89' lang='lat' dir='ltr'>sederes?</span> 
     </span>
     <span class='ocr_line' id='line_1_40' title="bbox 439 4056 1504 4142; baseline 0.006 -24"><span class='ocrx_word' id='word_1_359' title='bbox 439 4056 476 4117; x_wconf 83' lang='lat' dir='ltr'>Et</span> <span class='ocrx_word' id='word_1_360' title='bbox 504 4061 619 4139; x_wconf 90' lang='lat' dir='ltr'>accepit</span> <span class='ocrx_word' id='word_1_361' title='bbox 648 4079 719 4123; x_wconf 92' lang='lat' dir='ltr'>eurn</span> <span class='ocrx_word' id='word_1_362' title='bbox 749 4066 779 4123; x_wconf 92' lang='lat' dir='ltr'>et</span> <span class='ocrx_word' id='word_1_363' title='bbox 809 4061 930 4123; x_wconf 87' lang='lat' dir='ltr'>inclusit</span> <span class='ocrx_word' id='word_1_364' title='bbox 959 4080 1030 4124; x_wconf 92' lang='lat' dir='ltr'>eurn</span> <span class='ocrx_word' id='word_1_365' title='bbox 1063 4062 1093 4123; x_wconf 94' lang='lat' dir='ltr'>in</span> <span class='ocrx_word' id='word_1_366' title='bbox 1125 4081 1253 4125; x_wconf 89' lang='lat' dir='ltr'>carcere.</span> <span class='ocrx_word' id='word_1_367' title='bbox 1306 4061 1504 4142; x_wconf 85' lang='lat' dir='ltr'>Congregato</span> 
     </span>
    </p>
   </div>
   <div class='ocr_carea' id='block_1_3' title="bbox 438 4145 1502 4320">
    <p class='ocr_par' dir='ltr' id='par_1_3' title="bbox 438 4145 1502 4320">
     <span class='ocr_line' id='line_1_41' title="bbox 438 4145 1502 4234; baseline 0.008 -30"><span class='ocrx_word' id='word_1_368' title='bbox 438 4161 513 4206; x_wconf 89' lang='lat' dir='ltr'>vero</span> <span class='ocrx_word' id='word_1_369' title='bbox 536 4148 681 4212; x_wconf 89' lang='lat' dir='ltr'>universo</span> <span class='ocrx_word' id='word_1_370' title='bbox 710 4149 828 4230; x_wconf 90' lang='lat' dir='ltr'>populo</span> <span class='ocrx_word' id='word_1_371' title='bbox 852 4154 886 4212; x_wconf 88' lang='lat' dir='ltr'>ul</span> <span class='ocrx_word' id='word_1_372' title='bbox 909 4149 967 4212; x_wconf 92' lang='lat' dir='ltr'>sibi</span> <span class='ocrx_word' id='word_1_373' title='bbox 991 4169 1095 4229; x_wconf 80' lang='lat' dir='ltr'>regern</span> <span class='ocrx_word' id='word_1_374' title='bbox 1117 4152 1341 4228; x_wconf 89' lang='lat' dir='ltr'>constituerent,</span> <span class='ocrx_word' id='word_1_375' title='bbox 1365 4145 1502 4234; x_wconf 71' lang='lat' dir='ltr'>surrexitl</span> 
     </span>
     <span class='ocr_line' id='line_1_42' title="bbox 439 4230 1502 4320; baseline 0.009 -30"><span class='ocrx_word' id='word_1_376' title='bbox 439 4230 488 4292; x_wconf 90' lang='lat' dir='ltr'>hic</span> <span class='ocrx_word' id='word_1_377' title='bbox 517 4236 570 4312; x_wconf 93' lang='lat' dir='ltr'>qui</span> <span class='ocrx_word' id='word_1_378' title='bbox 601 4236 702 4297; x_wconf 84' lang='lat' dir='ltr'>filium</span> <span class='ocrx_word' id='word_1_379' title='bbox 734 4238 814 4314; x_wconf 85' lang='lat' dir='ltr'>regis</span> <span class='ocrx_word' id='word_1_380' title='bbox 844 4238 875 4297; x_wconf 93' lang='lat' dir='ltr'>in</span> <span class='ocrx_word' id='word_1_381' title='bbox 906 4255 1026 4298; x_wconf 87' lang='lat' dir='ltr'>carcere</span> <span class='ocrx_word' id='word_1_382' title='bbox 1060 4236 1213 4301; x_wconf 84' lang='lat' dir='ltr'>detinebat</span> <span class='ocrx_word' id='word_1_383' title='bbox 1243 4244 1271 4302; x_wconf 89' lang='lat' dir='ltr'>et</span> <span class='ocrx_word' id='word_1_384' title='bbox 1302 4239 1376 4320; x_wconf 90' lang='lat' dir='ltr'>ipsis</span> <span class='ocrx_word' id='word_1_385' title='bbox 1406 4244 1502 4302; x_wconf 87' lang='lat' dir='ltr'>totum</span> 
     </span>
    </p>
   </div>
   <div class='ocr_carea' id='block_1_4' title="bbox 0 0 1768 5025">
    <p class='ocr_par' dir='ltr' id='par_1_4' title="bbox 0 0 1768 5025">
     <span class='ocr_line' id='line_1_43' title="bbox 0 0 1768 5025; baseline 0 2"><span class='ocrx_word' id='word_1_386' title='bbox 0 0 1768 5025; x_wconf 95' lang='lat' dir='ltr'> </span> 
     </span>
    </p>
   </div>
  </div>
 </body>
</html>
