3525 5025
836 484 1055 541 „72-

357 674 398 721 no
412 655 568 735 vidissent,
591 656 671 719 inter
684 674 718 721 se
733 655 965 738 perpendebant
979 654 1065 735 quod
1088 672 1165 735 puer
1179 673 1237 735 per
1254 652 1363 717 omnia
1377 667 1473 713 verum

412 744 546 821 dixisset,
568 749 598 809 et
620 744 777 809 dixerunt:
804 744 1009 810 „Benedictus
1031 744 1210 807 altissimus!
1237 740 1401 822 Sapiencia
1422 737 1475 799 dis·

411 834 504 915 cipuli
528 835 623 899 nostri
648 852 707 899 nos
729 852 841 898 omnes
862 833 981 897 excellit
1003 833 1034 896 in
1059 833 1216 897 scienciae
1269 831 1323 894 Ait
1346 827 1479 907 magister

412 922 575 987 Bancillas:
602 922 768 999 „Domine
792 923 824 987 in
847 922 986 1004 periculo
1002 922 1062 985 vite
1078 940 1145 985 mee
1170 921 1276 1003 primo
1292 920 1346 981 die
1361 915 1479 981 saluabo

411 1018 440 1075 te
469 1031 488 1075 a
515 1017 642 1076 morte·
690 1011 741 1076 Ait
770 1011 926 1089 Lentulus,
957 1011 1113 1075 secundus
1143 1011 1305 1091 magister:
1345 1007 1401 1072 „Et
1429 1021 1482 1082 ego
1560 1008 1566 1088 3¹

359 1120 400 1167 tau
413 1102 509 1165 eciam
532 1100 584 1165 die
606 1100 772 1165 secundo·
813 1100 864 1164 hit
887 1100 1022 1165 Chatbo:
1049 1102 1105 1166 „lit
1127 1118 1186 1180 ego
1209 1099 1308 1163 tercia
1332 1096 1412 1159 die.a
1454 1092 1484 1153 Et
1560 1109 1568 1160 l

412 1190 457 1255 sic
487 1208 597 1255 omnes
628 1208 684 1272 per
718 1190 859 1253 ordinem
891 1190 1042 1253 dixerunt.
1096 1189 1165 1252 l·liis
1196 1188 1290 1252 dictis
1323 1184 1486 1251 induerunt
1568 1180 1569 1194 ¹

414 1297 546 1360 puerum
570 1297 708 1360 purpura
730 1282 760 1341 et
782 1278 868 1342 bisso
891 1284 920 1341 et
942 1278 1111 1341 dextrarios
1134 1278 1348 1342 ascenderunt
1371 1277 1485 1335 etcum

413 1386 528 1449 magno
550 1369 694 1431 comitatu
719 1385 790 1431 cum
814 1386 912 1449 puero
928 1385 1034 1431 versus
1056 1372 1170 1448 patrem
1187 1385 1283 1431 suum
1302 1361 1485 1444 equitabant.

416 1458 592 1538 lmperator,
623 1474 695 1521 cum
719 1456 865 1520 intellexit
893 1475 947 1538 per
975 1457 1107 1520 nuncios
1134 1455 1219 1536 quod
1250 1472 1337 1537 puer
1360 1453 1438 1515 esset
1459 1446 1487 1507 in

359 1562 400 1610 aas
414 1545 579 1623 ueniendo,
602 1564 673 1609 cum
698 1564 813 1627 magno
836 1550 982 1627 apparatu
1004 1545 1130 1609 obuiam
1146 1545 1212 1608 filio
1237 1563 1301 1609 suo
1326 1537 1487 1622 equitabat.

414 1634 560 1715 Magistri,
577 1652 647 1698 cum
665 1635 882 1698 intellexissent
897 1635 983 1715 quod
1000 1652 1053 1698 rex
1068 1638 1146 1697 esset
1160 1638 1323 1710 venturus,
1349 1628 1489 1693 dixerunt

413 1741 525 1805 puero:
558 1723 725 1803 „Domine
756 1741 814 1787 nos
842 1724 1022 1788 recedemus
1050 1728 1079 1786 et
1102 1723 1221 1786 inierim
1247 1723 1288 1786 de
1314 1726 1371 1783 tua
1399 1714 1489 1779 salute

413 1811 660 1894 prouidebimus,
691 1813 855 1894 quomodo
883 1813 1014 1893 quilibet
1044 1816 1181 1875 nostrum
1213 1830 1273 1876 suo
1304 1810 1361 1873 die
1385 1803 1489 1868 debeat
1580 1846 1581 1881 3

379 1937 382 1943 ,
413 1906 442 1965 te
464 1901 611 1965 saluare.‘¹
659 1902 699 1964 At
722 1902 785 1966 ille:
818 1902 933 1968 „michi
958 1902 1037 1965 bene
1061 1902 1165 1982 placet.
1211 1901 1273 1965 Sed
1299 1895 1488 1963 mementote
1580 1898 1581 1971 1

360 2007 401 2053 rao
416 1991 476 2055 mei
500 1994 639 2071 tempore
667 1991 888 2055 necessitatis!l
938 1991 982 2053 llli
1010 2008 1084 2055 vero
1115 1990 1211 2071 capita
1238 1990 1266 2052 ei
1299 1982 1489 2051 inclinabant
1580 2034 1581 2055 ,

414 2084 444 2143 et
470 2097 578 2143 versus
605 2080 762 2160 quandam
793 2079 943 2143 civitatem
975 2079 1158 2161 equitabant
1206 2079 1286 2142 Puer
1312 2093 1393 2141 vero
1422 2068 1488 2134 satis

414 2169 574 2232 honestam
598 2168 775 2233 comitiuam
792 2187 862 2231 cum
879 2187 917 2232 eo
933 2169 1072 2233 habebat.
1108 2168 1172 2237 Rex
1188 2186 1271 2245 ver0,
1295 2184 1374 2231 cum
1392 2160 1486 2225 lilium

413 2275 505 2321 suum
540 2258 826 2339 appropinquasset,
860 2258 1051 2339 amplexatus
1084 2261 1128 2320 est
1159 2276 1230 2320 eum
1266 2260 1295 2319 et
1333 2251 1486 2319 osculatus

414 2345 552 2426 dixitque
582 2346 623 2409 ei:
661 2347 738 2415 „fili
769 2347 819 2425 mi,
850 2347 1015 2426 quomodo
1046 2350 1091 2410 esi
1119 2345 1197 2409 tibi?
1239 2347 1305 2425 Jam
1339 2364 1360 2408 a
1393 2336 1487 2434 multo

361 2452 401 2498 ras
416 2441 555 2516 tempore
578 2453 640 2498 non
666 2435 729 2499 vidi
752 2440 809 2500 ten
849 2436 901 2499 llle
923 2453 998 2499 vero
1022 2438 1111 2517 caput
1126 2435 1153 2497 ei
1171 2434 1332 2497 inclinauit
1348 2438 1380 2497 et
1396 2422 1485 2491 nichil

414 2525 582 2606 respondit.
637 2525 702 2594 Rex
735 2544 810 2589 vero
840 2526 1061 2589 ammirabatur
1091 2525 1177 2604 quod
1211 2542 1274 2588 non
1307 2520 1486 2605 loqueretur

415 2613 553 2694 dixitque
568 2614 599 2676 in
612 2614 707 2678 corde
719 2632 790 2678 suo:
810 2614 993 2695 „Numquid
1010 2615 1057 2678 sui
1075 2613 1209 2694 magistri
1223 2631 1294 2676 eum
1311 2607 1486 2678 docuerunt

415 2703 501 2782 quod
525 2721 589 2765 non
614 2703 791 2783 loqueretur
813 2703 1022 2784 equitando?‘¹
1064 2702 1145 2766 Cum
1169 2721 1244 2766 vero
1267 2702 1306 2765 ad
1333 2697 1483 2784 palacium

415 2796 572 2869 venerunt,
611 2791 650 2854 de
685 2792 773 2872 equis
805 2792 1038 2856 descenderunt
1092 2793 1259 2872 Imperator
1292 2790 1397 2854 tilium
1434 2798 1486 2866 pes

360 2898 401 2944 suo
417 2899 542 2944 manum
566 2881 682 2962 accepit
704 2886 734 2945 et
748 2881 848 2944 aulam
864 2881 1002 2945 ascendit
1016 2899 1150 2960 eumque
1166 2881 1249 2943 iuxta
1263 2897 1296 2943 se
1312 2871 1483 2944 collocauit.

416 2969 480 3038 Rex
503 2988 577 3033 vero
600 2988 672 3033 eum
704 2971 835 3050 respexit
857 2974 887 3033 et
908 2970 963 3032 ait:
997 2970 1077 3035 „Dic
1104 2970 1206 3047 michi,
1236 2969 1290 3046 fili,
1321 2961 1485 3050 quomodo

415 3059 454 3121 de
479 3058 631 3139 magistris
652 3059 713 3122 tuis
736 3059 790 3122 tibi
815 3059 924 3139 placet!
962 3060 1023 3121 lam
1048 3063 1119 3122 sunt
1140 3058 1214 3122 anni
1238 3058 1335 3136 multi,
1361 3078 1399 3122 ex
1423 3066 1484 3134 (1110

414 3151 443 3211 te
466 3165 530 3210 non
554 3148 646 3212 vidi.u
688 3147 740 3210 llle
756 3165 830 3211 vero
854 3152 944 3228 caput
967 3147 1124 3211 inclinauit
1147 3152 1176 3211 et
1198 3147 1291 3210 nichil
1315 3141 1484 3228 respondit.

415 3236 643 3300 Ammirabatur
670 3255 723 3300 rex
751 3240 780 3300 et
808 3237 861 3300 ait:
901 3236 1006 3310 „Quid
1038 3241 1082 3300 est
1113 3237 1180 3316 hoc,
1215 3236 1269 3315 iili,
1300 3236 1388 3315 quod
1423 3246 1482 3296 non

361 3340 402 3387 uos
418 3325 594 3406 loqueris?“
630 3326 814 3407 lmperatrix,
838 3344 908 3390 cum
933 3325 1068 3389 audisset
1091 3326 1177 3406 quod
1201 3344 1279 3406 puer
1301 3326 1436 3389 venisset
1458 3321 1485 3382 et

417 3433 480 3478 non
505 3415 691 3495 loqueretur,
723 3416 830 3496 ganisa
859 3419 904 3478 est
931 3414 1019 3477 valde
1047 3419 1076 3479 et
1102 3414 1157 3477 ait:
1192 3414 1327 3480 „Vadam
1357 3418 1386 3477 et
1414 3425 1482 3477 eum

416 3504 558 3569 videbo«
593 3504 727 3568 Omauit
748 3523 782 3568 se
805 3504 924 3568 meliori
949 3504 1045 3567 modo
1061 3521 1126 3583 quo
1150 3507 1267 3585 poterat
1289 3522 1360 3567 cum
1384 3498 1483 3568 dorni-

417 3595 525 3671 nabus,
555 3594 673 3657 ancillis
703 3598 731 3657 et
753 3594 837 3658 toras
861 3593 963 3658 exiuit.
1012 3594 1180 3674 lmperator
1208 3611 1374 3656 ueroeam
1404 3593 1483 3655 iuxta

416 3681 516 3745 filium
549 3699 640 3746 suum
673 3683 781 3746 sedere
811 3683 888 3748 lecit.
935 3684 1006 3758 Que
1029 3683 1082 3746 ait:
1118 3681 1283 3759 „Domine
1316 3687 1401 3745 estne
1432 3683 1483 3744 iste

362 3786 403 3832 210
417 3769 501 3832 filius
515 3774 595 3848 tuus,
619 3789 688 3834 cum
715 3773 786 3836 ‚Vll
809 3773 999 3853 sapientibus
1014 3772 1170 3834 nutritus?
1201 3772 1241 3834 At
1263 3771 1324 3834 ille:
1352 3771 1483 3843 „liciam

416 3857 501 3921 iilius
524 3876 612 3922 meus
635 3863 691 3921 est:
716 3860 770 3922 sed
794 3879 858 3924 non
883 3862 1049 3941 loquitur.u
1096 3861 1168 3934 Que
1190 3860 1243 3922 ait:
1271 3859 1390 3925 „Trade
1413 3874 1482 3922 eum
1580 3898 1581 3993 1

417 3946 524 4009 michi!
559 3947 634 4010 Etsi
651 3964 797 4026 umquam
816 3949 1007 4028 loquebatur,
1031 3950 1138 4013 faciam
1163 3967 1235 4012 eum
1260 3948 1376 4028 loqui.¹‘
1416 3947 1484 4011 Hiis

416 4034 505 4097 dictis
527 4035 569 4097 ait
591 4053 656 4098 rex:
692 4035 807 4100 „michi
831 4038 911 4101 bene
935 4038 1058 4118 placet.u
1109 4039 1160 4101 llla
1184 4055 1254 4101 eum
1279 4055 1335 4118 per
1358 4053 1481 4100 manum

417 4123 540 4204 accepit,
565 4128 598 4187 ut
612 4141 716 4186 secum
733 4130 881 4204 pergeret.
918 4125 999 4188 Puer
1015 4143 1141 4188 manum
1159 4126 1287 4189 retraxit.
1321 4126 1371 4190 hit
1388 4130 1481 4206 pater:
1580 4132 1581 4187 1

362 4230 404 4276 215
422 4211 540 4290 „Surge
568 4213 627 4275 cito
659 4215 687 4272 et
714 4228 784 4271 cum
813 4231 849 4273 ea
875 4213 1033 4272 ambula!a
1084 4213 1165 4272 Puer
1192 4231 1267 4275 vero
1291 4218 1381 4294 caput
1408 4215 1480 4295 patri
