3525 5025
611 518 881 601 ⁴—93-

259 719 347 796 ignem
368 718 527 799 copiosum
552 718 635 779 etin
660 716 762 796 ignem
795 716 930 796 proiecit
978 716 1062 777 Dum
1086 733 1161 779 vero
1184 714 1249 795 ipse
1273 714 1304 776 in

204 807 442 870 roroconburendo
466 814 552 884 esset,
577 805 707 887 peruigil
728 805 767 868 ad
783 805 939 885 quandam
963 804 1141 868 distanciam
1166 804 1304 884 perrexit,

258 900 287 957 111
314 901 458 958 venterem
494 914 586 957 suum
622 899 773 975 purgaret.
828 895 913 958 Dum
948 912 1022 957 vero
1053 894 1103 956 ille
1133 893 1239 957 luisset
1273 894 1304 955 in

258 984 381 1047 lao'endo
414 1002 494 1065 opus
529 990 648 1060 nature,
687 984 770 1047 venit
802 984 929 1063 quidam
964 982 1051 1045 miles
1086 982 1121 1044 in·
1150 1000 1232 1062 equo
1267 982 1305 1044 de

258 1072 418 1153 longinquis
441 1074 578 1154 partibus
602 1092 657 1153 per
679 1074 761 1136 uiam
786 1073 867 1135 illam
892 1090 999 1135 versus
1022 1072 1180 1151 quoddam
1204 1076 1305 1134 torne-

257 1168 404 1241 amentum,
440 1162 525 1243 quod
561 1163 693 1225 debebat
731 1162 796 1224 lieri
835 1162 963 1225 crastina
1002 1162 1052 1224 die
1091 1162 1167 1223 hora
1199 1161 1305 1241 prima.

204 1267 251 1311 rom
259 1252 335 1314 Miles
355 1270 434 1329 vero,
458 1271 528 1315 cum
546 1252 677 1331 frigidus
692 1256 777 1328 esset,
800 1250 839 1313 ad
859 1251 962 1331 ignem
987 1250 1125 1331 perrexit,
1150 1248 1307 1313 descendit

258 1343 282 1401 et
301 1341 482 1404 calefaciebat
504 1360 545 1404 se.
576 1341 659 1403 Cum
683 1342 727 1404 sic
742 1341 780 1403 ad
797 1341 900 1420 ignem
925 1344 1021 1419 staret,
1046 1338 1176 1421 peruigil
1201 1356 1307 1402 versus

258 1428 347 1507 ignem
368 1431 451 1492 venit
472 1434 502 1492 et
524 1430 576 1492 ait:
611 1430 740 1505 „Qualis
763 1434 859 1506 estu,
888 1429 941 1509 qui
966 1429 1008 1492 ibi
1033 1430 1133 1492 stas?u
1182 1428 1221 1491 At
1244 1427 1306 1490 ille:

261 1519 356 1581 „Miles
377 1537 444 1581 sum
473 1518 513 1581 de
540 1519 639 1581 nobili
667 1533 807 1598 genere!
855 1519 895 1581 m
918 1518 981 1580 ille:
1016 1518 1107 1583 „Non
1138 1518 1224 1579 miles
1252 1516 1305 1580 sed

259 1607 405 1686 dyabolus!
442 1608 548 1671 Primo
572 1609 604 1669 in
627 1626 737 1687 aquam
762 1611 790 1670 te
806 1606 934 1687 proieci;
957 1607 1095 1671 secundo
1111 1624 1181 1669 cum
1198 1604 1306 1685 grandi

207 1695 357 1777 ronlapide;
386 1698 479 1760 tercio
508 1698 538 1759 in
564 1697 668 1777 ignem
692 1698 783 1759 istum
811 1696 850 1759 ad
874 1696 1122 1759 comburendum
1154 1699 1182 1757 te
1206 1695 1305 1775 posui.

260 1785 290 1845 Et
307 1786 401 1849 adhuc
423 1786 473 1849 hic
496 1791 556 1849 stas
579 1805 648 1848 cum
674 1800 784 1865 equor
832 1785 957 1865 Accepit
980 1784 1105 1847 militem
1131 1802 1200 1847 cum
1225 1802 1307 1864 equo

259 1878 282 1934 et
306 1875 335 1936 in
366 1876 466 1954 ignem
501 1875 637 1955 proiecit.
684 1874 806 1937 Deinde
837 1874 876 1935 ad
909 1874 1038 1936 domum
1073 1873 1188 1937 sororis
1219 1872 1308 1935 rediit

258 1962 493 2043 denunciansquc
523 1964 560 2041 ei,
592 1963 762 2043 quomod0,
793 1968 956 2043 postquam
988 1981 1058 2025 eum
1091 1963 1307 2039 combusserat,

258 2070 317 2112 eum
338 2057 463 2116 stantem
488 2071 558 2115 cum
583 2071 665 2132 equo
689 2052 813 2130 inuenit,
837 2057 866 2115 el
888 2053 940 2114 ait:
968 2053 1110 2132 „Equum
1127 2069 1196 2114 eum
1214 2050 1308 2113 milite

211 2154 252 2199 1111
259 2140 349 2204 iterato
371 2142 402 2204 in
426 2143 529 2222 ignem
548 2142 670 2222 proieci.
707 2143 767 2204 lam
785 2141 917 2222 propina
932 2141 1024 2205 michi
1040 2141 1079 2203 de
1096 2141 1181 2204 bono
1197 2140 1305 2202 vinol¹¹

258 2228 346 2308 Soror,
377 2250 447 2294 cum
472 2232 533 2294 hoe
554 2230 696 2308 audisset,
727 2230 884 2310 cogitauit:
921 2230 992 2296 „lue
1021 2230 1109 2292 miles
1132 2247 1201 2292 cum
1226 2246 1308 2308 equo

259 2321 426 2399 estquidam
444 2321 540 2398 miles,
562 2321 615 2399 qui
631 2320 669 2382 ad
685 2324 929 2383 torneamentum
947 2320 997 2381 dic
1013 2320 1140 2382 crastina
1155 2323 1305 2380 veneratu

259 2406 348 2471 Statim
371 2410 501 2473 surrexit
523 2414 553 2471 et
575 2412 681 2471 vinum
712 2409 739 2471 ei
771 2408 957 2489 propinauit.
1006 2409 1056 2471 llle
1079 2426 1153 2471 vero
1177 2407 1242 2469 vale
1266 2406 1310 2469 eis

258 2496 353 2561 lecerat
367 2504 395 2563 et
410 2498 540 2563 recessit
580 2499 652 2562 Non
670 2498 800 2561 multum
824 2501 895 2579 post
917 2498 1031 2577 accidit,
1056 2497 1216 2561 contencio
1233 2496 1311 2558 inter

214 2588 367 2651 mnilirem
399 2593 429 2651 et
461 2589 520 2665 (BL
548 2587 653 2667 16511)
684 2605 809 2650 vxorem
841 2605 942 2665 suam,
978 2588 1017 2650 ita
1047 2587 1132 2667 quod
1165 2585 1252 2648 miles
1282 2585 1308 2647 ei

258 2676 360 2756 alapam
383 2677 476 2740 dedit.
524 2678 576 2739 Mla
600 2677 756 2757 indignata
778 2695 815 2739 ex
843 2678 903 2740 hoc
925 2677 966 2739 ait
988 2694 1090 2740 coram
1116 2677 1230 2739 multis:
1258 2673 1309 2741 „0

259 2766 344 2843 miser,
367 2768 521 2847 numquid
538 2767 584 2830 vis
601 2785 650 2828 me
670 2765 809 2829 occidere
824 2766 903 2829 sicut
919 2767 976 2828 .111.
993 2765 1103 2830 milites
1119 2764 1311 2846 imperatoris

258 2856 420 2919 occidistii¹¹
471 2856 624 2920 Homines
655 2856 711 2917 hec
740 2854 900 2918 audientes
930 2855 1084 2934 [dixerunt
1110 2853 1308 2935 imperatori].

258 2940 347 3006 Statim
370 2946 464 3008 ambo
488 2946 565 3025 capti
589 2949 661 3007 sunt
683 2947 712 3006 et
734 2962 837 3007 coram
862 2945 1044 3025 imperatore
1068 2944 1158 3006 ducti.
1198 2943 1312 3006 Mulier

216 3042 347 3094 mcoram
371 3035 519 3097 omnibus
542 3033 682 3096 contessa
704 3038 748 3096 est
771 3033 857 3112 quod
887 3033 1012 3097 maritus
1035 3033 1100 3095 eius
1124 3051 1177 3095 eos
1201 3031 1312 3095 occidit

258 3124 282 3180 el
300 3121 396 3185 ,CCC
419 3123 559 3186 florenos
581 3123 620 3184 ab
644 3123 688 3186 eis
711 3122 843 3186 abstulit.
887 3123 1017 3185 Veritate
1040 3126 1195 3201 comperta
1217 3121 1311 3183 ambo

258 3211 328 3272 tracti
350 3217 419 3274 sunt
442 3212 481 3274 ad
512 3211 625 3274 caudas
652 3213 723 3291 equi
747 3216 777 3274 et
804 3216 909 3292 postea
933 3212 963 3273 in
996 3211 1133 3292 patibulo
1161 3209 1311 3290 suspensi,

363 3407 498 3488 Septima
521 3407 659 3470 namacio
682 3407 803 3488 septimi
828 3407 963 3486 magistri
989 3407 1047 3484 (Βί.
1076 3406 1191 3484 16911).

717 3526 835 3598 [Vidua]

334 3656 469 3731 Quidam
507 3656 594 3718 miles
627 3661 696 3734 erat,
732 3657 785 3736 qui
820 3674 947 3719 vxorern
981 3657 1139 3737 pulchram
1173 3656 1312 3733 habebat,

259 3760 339 3820 quam
367 3747 447 3809 miro
479 3745 575 3808 modo
599 3745 712 3823 dilexit,
744 3747 774 3807 in
806 3749 922 3808 tantum
952 3745 1038 3826 quod
1071 3745 1227 3826 presencia
1258 3763 1314 3808 sua

217 3829 333 3896 uubono
354 3835 450 3898 modo
474 3852 575 3898 carere
600 3852 663 3897 non
688 3836 794 3915 potuit.
841 3835 958 3897 Accidit
986 3835 1079 3897 semel
1105 3835 1191 3914 quod
1218 3834 1313 3897 ambo

260 3937 318 3984 curn
340 3924 448 3987 taxillis
472 3924 627 3987 ludebant.
677 3925 767 3987 Miles
793 3943 811 3986 a
834 3942 905 3987 casu
935 3924 1090 3986 cultellum
1123 3941 1251 4003 parvum
1281 3923 1312 3985 in

261 4025 338 4074 manu
372 4014 505 4089 tenebat;
546 4013 596 4074 illa
629 4031 711 4090 vero,
750 4014 828 4076 sicut
861 4013 992 4090 ludebat,
1032 4031 1158 4075 manum
1192 4012 1313 4075 cultello

261 4103 389 4179 opposuit
405 4106 435 4166 et
450 4102 577 4181 sanguis
601 4103 631 4164 in
657 4103 779 4165 modica
801 4103 965 4181 quantitate
981 4102 1083 4166 exiuit.
1121 4101 1218 4176 Miles,
1242 4118 1312 4161 cum

262 4191 426 4268 sanguinem
452 4191 540 4271 digiti
564 4192 669 4254 uxoris
694 4192 753 4269 (Bl.
777 4192 878 4269 tior.)
904 4191 1036 4268 vidisset,
1061 4191 1147 4270 quasi
1170 4189 1314 4268 incapite

220 4284 409 4351 ltttpercussus
444 4280 483 4343 ad
523 4286 633 4343 terram
670 4280 784 4342 cecidit.
842 4281 927 4343 onr
964 4298 1075 4358 aquam
1114 4296 1208 4358 super
1241 4294 1312 4337 eum
