3525 5025
698 501 940 558 —tot-

291 673 426 752 Angelus
454 677 555 736 autern
586 671 759 753 respondit:
791 671 896 747 ‚Quia
926 673 1120 737 infracturam
1152 672 1281 736 lascivus
1304 671 1355 736 ille

247 763 444 842 msuperbus
472 761 595 841 iuvenis
626 762 725 842 magis
753 762 824 825 lecit
853 778 957 825 coram
983 762 1052 825 Deo
1084 766 1114 824 et
1142 763 1259 842 angelis
1288 761 1355 841 ejus

291 869 381 930 quam
405 850 533 913 cadaver
556 850 633 913 illud
657 849 744 930 quod
774 850 972 931 sepelivimus
995 851 1105 914 fecerat
1127 869 1230 914 coram
1255 851 1355 914 homi·

290 940 389 1017 nibus,
412 947 442 1003 et
455 958 526 1003 cum
543 940 679 1002 universi
695 943 868 1020 peccatores
887 940 1015 1002 fetorem
1032 957 1123 1003 suum
1141 958 1204 1003 non
1220 940 1355 1004 sentium

290 1048 344 1092 nec
367 1030 481 1110 lepram
504 1046 594 1092 suam
617 1029 784 1092 abhorrent
805 1028 853 1095 vel
876 1033 1075 1108 agnoscunt.⁴¹

649 1179 697 1234 14.
740 1170 793 1250 [=
818 1172 878 1234 Νο.
906 1171 989 1251 toa]

379 1297 471 1362 Unde
494 1314 565 1359 cum
589 1295 716 1374 quidam
740 1295 894 1373 heremita,
918 1296 1025 1376 spiritu
1045 1295 1236 1376 blasphemie
1258 1300 1354 1376 temp·

241 1402 278 1447 aaa
290 1389 375 1464 latus,
397 1385 543 1464 cogitaret
565 1384 651 1464 quod
668 1402 732 1448 non
748 1389 849 1448 essent
866 1387 946 1464 justa
964 1385 1021 1448 Dei
1036 1384 1158 1464 judicia,
1181 1384 1236 1464 qui
1252 1384 1355 1448 bonos

288 1474 395 1554 aflligit
418 1481 447 1537 et
471 1473 542 1536 mali
574 1473 741 1554 prosperati
769 1478 849 1552 sunt,
879 1473 1008 1554 angelus
1032 1473 1161 1536 Domini
1192 1474 1223 1536 in
1254 1473 1355 1554 specie

289 1564 423 1626 hominis
452 1581 605 1643 apparens
639 1562 667 1625 ei
698 1562 773 1625 dixit
803 1563 844 1626 ei:
878 1561 1033 1642 „Sequere
1063 1579 1125 1638 me;
1162 1561 1249 1626 Deus
1271 1562 1353 1625 enim

290 1653 370 1714 misit
392 1671 442 1714 me
466 1656 499 1713 ut
522 1669 643 1714 mecum
667 1652 787 1714 venires
807 1655 836 1714 et
850 1651 1045 1715 ostenderem
1069 1651 1123 1714 tibi
1148 1651 1265 1714 occulta
1288 1651 1355 1730 eius

288 1740 430 1819 judicia.v
481 1741 517 1802 Et
547 1738 634 1802 duxit
664 1759 735 1803 eum
764 1741 803 1803 ad
834 1741 964 1803 domum
1000 1739 1160 1819 cujusdam
1192 1740 1266 1803 boni
1297 1739 1354 1802 viri

242 1831 344 1909 arqui
374 1829 538 1893 liberaliter
567 1834 597 1892 et
623 1829 757 1909 benigne
790 1829 903 1910 recepit
932 1847 986 1892 eos
1016 1829 1047 1891 in
1079 1828 1220 1908 hospitio,
1251 1829 1356 1892 omnia

289 1919 456 1982 necessaria
479 1918 654 1981 ministrans
680 1919 731 1981 eis.
763 1920 797 1981 ln
813 1936 904 1982 mane
918 1923 1019 1982 autem
1036 1919 1153 1981 iuratus
1168 1921 1213 1981 est
1227 1919 1355 1997 angelus

288 2007 400 2088 hospiti
431 2025 491 2070 suo
519 2007 645 2087 ciphum
676 2025 769 2088 quem
800 2006 890 2069 valde
922 2007 1069 2087 diligebat
1098 2010 1128 2070 et
1157 2005 1247 2070 valde
1277 2006 1356 2087 cepit

289 2097 435 2160 heremita
458 2096 564 2158 dolere
587 2095 714 2159 credens
742 2095 828 2177 quod
860 2095 911 2158 ille
934 2114 998 2160 non
1022 2100 1101 2160 esset
1122 2114 1141 2158 a
1165 2095 1243 2161 De0.
1287 2095 1356 2158 Alia

290 2191 377 2249 nocte
400 2185 542 2265 hospitati
565 2185 684 2248 suntin
701 2185 798 2248 domo
818 2185 978 2265 cujusdam
1003 2185 1139 2248 hominis
1162 2184 1216 2265 qui
1239 2184 1354 2247 malum

243 2274 463 2356 avhospicium
498 2272 570 2336 tecit
603 2274 647 2337 eis
677 2279 706 2337 et
735 2292 790 2337 eos
824 2274 904 2337 male
938 2275 1079 2338 tractavit
1133 2273 1192 2337 Cui
1227 2273 1355 2354 angelus

289 2365 414 2444 ciphum
439 2362 524 2426 dedit
546 2381 640 2442 quem
662 2364 780 2426 iuratus
803 2366 866 2426 erat
885 2364 971 2426 bono
987 2363 1114 2444 hospiti;
1137 2362 1223 2442 quod
1246 2362 1356 2427 videns

290 2453 436 2517 heremita
459 2452 651 2516 contristatus
674 2457 718 2516 est
740 2451 829 2517 valde
859 2457 889 2516 et
916 2452 1026 2516 malam
1051 2451 1231 2534 opinionem
1255 2452 1294 2517 de
1317 2470 1355 2516 eo

289 2544 366 2624 cepit
389 2543 512 2606 habere.
560 2541 633 2604 lnde
656 2542 750 2622 igitur
773 2541 958 2623 procedente
987 2542 1078 2606 tercia
1101 2546 1190 2605 nocte
1213 2542 1354 2622 hospitati

290 2637 360 2695 sunt
389 2632 422 2694 in
453 2630 552 2694 domo
583 2630 742 2710 cujusdam
775 2631 852 2694 boni
883 2630 1020 2694 hominis
1054 2631 1107 2709 qui
1139 2649 1209 2694 cum
1240 2648 1355 2711 magno

243 2735 279 2781 aar
291 2721 405 2801 gaudio
429 2720 515 2801 ipsos
538 2720 651 2800 recepit
671 2724 701 2782 et
723 2720 891 2783 necessaria
906 2720 1093 2784 sufficienter
1107 2720 1152 2783 eis
1168 2720 1355 2783 ministravit

290 2811 321 2872 ln
346 2828 437 2871 mane
468 2808 634 2888 quemdam
664 2809 808 2889 juvenem
839 2808 990 2871 famulum
1020 2826 1112 2872 suum
1141 2810 1289 2872 concessit
1312 2810 1356 2873 eis

289 2900 340 2979 qui
370 2916 425 2963 eos
455 2897 621 2960 deduceret
649 2902 679 2960 et
709 2897 882 2961 ostenderet
912 2899 1003 2976 viam,
1033 2915 1126 2977 quem
1158 2897 1286 2977 angelus
1316 2899 1355 2961 de

289 2992 383 3068 ponte
406 2986 597 3068 precipitavit
617 2991 647 3049 et
668 2987 837 3050 suffocatus
860 2991 905 3049 est
929 2987 959 3049 in
983 2986 1080 3067 aquis.
1126 2986 1223 3061 Quod
1247 2987 1355 3051 videns

174 3075 175 3080 ’
289 3077 436 3140 heremita
470 3076 558 3139 valde
592 3075 812 3139 scandalizatus
845 3079 891 3139 est
924 3081 954 3139 et
987 3075 1187 3139 contristatus.
1239 3076 1357 3151 Quarta

242 3171 389 3229 mantem
414 3169 504 3228 nocte
526 3164 652 3244 quidam
676 3165 723 3227 vir
745 3166 848 3229 bonus
870 3166 987 3245 optime
1010 3165 1123 3245 recepit
1145 3183 1207 3243 eos,
1231 3167 1356 3247 copiose

174 3259 175 3278 ³
288 3254 402 3319 cibaria
425 3255 469 3316 eis
496 3272 568 3316 cum
598 3254 683 3317 vultu
716 3254 813 3336 hylari
845 3254 1002 3330 exhibens,
1034 3258 1063 3316 et
1093 3254 1186 3317 lectos
1214 3254 1355 3335 ydoneos

174 3341 175 3366 ³
288 3344 332 3407 eis
366 3343 521 3424 preparari
556 3342 638 3420 fecit,
672 3342 727 3405 sed
762 3343 907 3424 parvulus
939 3343 1079 3424 quidam,
1115 3362 1207 3423 quem
1243 3344 1356 3425 hospes

288 3433 389 3497 solum
415 3432 555 3509 habebat,
584 3437 672 3495 nocte
695 3432 770 3495 llere
792 3433 872 3513 cepit
896 3451 952 3495 nec
974 3433 1093 3495 sinebat
1116 3433 1186 3496 illos
1209 3432 1353 3497 dormire.

288 3521 429 3601 Angelus
452 3525 554 3583 autem
578 3525 667 3584 nocte
689 3539 821 3601 surgens
849 3540 981 3602 puerum
1005 3522 1211 3603 strangulavit
1258 3521 1354 3597 Quod

242 3610 399 3673 ausvidens
434 3609 581 3672 heremita
613 3609 743 3673 credidit
775 3610 862 3689 quod
899 3615 977 3673 esset
1010 3612 1138 3691 angelus
1166 3611 1297 3675 Sathane
1327 3616 1356 3675 et

287 3700 387 3763 voluit
409 3698 567 3761 discedere
589 3699 629 3762 ab
653 3700 731 3779 ipso.
778 3700 867 3762 Tunc
897 3701 1025 3763 demum
1056 3702 1185 3781 angelus
1215 3701 1291 3763 dixit
1313 3702 1354 3765 ei:

290 3788 470 3854 »Dominus
493 3788 536 3851 ob
560 3789 620 3851 hoc
640 3787 722 3851 misit
737 3807 786 3851 me
801 3788 840 3851 ad
856 3793 885 3851 te
902 3793 935 3851 ut
949 3790 1142 3854 ostenderem
1166 3790 1220 3853 tibi
1238 3790 1356 3853 occulta

288 3879 355 3958 ejus
377 3877 492 3957 judicia
521 3881 551 3939 et
576 3878 669 3941 scires
698 3878 770 3956 quia
801 3878 894 3941 nichil
918 3879 956 3942 sit
985 3879 1052 3942 sine
1082 3897 1173 3942 causa
1203 3879 1234 3941 in
1267 3883 1353 3941 terra.

290 3968 398 4030 Bonus
421 3965 473 4027 ille
496 3967 592 4029 homo
615 3967 664 4029 cui
687 3967 813 4047 ciphum
840 3967 951 4030 abstuli
984 3968 1076 4031 nimis
1100 3967 1186 4030 illum
1210 3967 1357 4046 diligebat

241 4070 276 4117 aro
290 4061 319 4119 et
352 4054 473 4119 curiose
507 4056 657 4134 servabat,
698 4056 873 4135 frequenter
906 4058 1042 4137 cogitans
1076 4056 1115 4118 de
1149 4057 1250 4137 cypho
1285 4072 1354 4118 cum

288 4145 415 4208 deberet
442 4144 574 4223 cogitare
601 4143 640 4207 de
665 4144 742 4221 Deo,
774 4149 802 4208 et
831 4144 902 4207 ideo
931 4164 988 4225 pro
1019 4146 1104 4208 bono
1127 4162 1187 4207 suo
1216 4144 1258 4207 illi
1282 4143 1355 4206 sub

288 4234 376 4296 traxit
404 4237 434 4295 et
460 4232 532 4296 dedi
563 4233 606 4295 illi
635 4232 717 4295 malo
746 4232 866 4313 hospiti,
898 4234 951 4312 qui
980 4251 1039 4296 nos
1067 4232 1099 4294 in
1128 4232 1267 4313 hospicio
1297 4249 1355 4296 suo

316 4352 432 4404 Ulrich,
449 4351 588 4396 Lateiniscbe
602 4350 737 4395 Novellistilr
750 4352 790 4395 des
809 4349 957 4393 Mittelalters.
1198 4358 1226 4406 11
