3525 5025
879 525 1099 585 „54-

457 717 549 763 suum
581 699 754 763 defraudari
786 698 873 763 nisus
902 702 987 778 esset,
1019 702 1048 762 et
1079 716 1112 761 se
1141 698 1244 778 ipsum
1276 716 1338 761 una
1363 716 1432 761 cum
1461 713 1513 759 suo

458 793 541 870 patre
566 788 595 851 in
622 788 702 851 idern
727 788 844 853 corruit
865 788 979 851 vicium
1003 792 1033 851 et
1055 787 1214 850 damnum.

859 935 890 995 c.
927 930 1036 1009 1=s
1062 929 1126 1009 or}

549 1056 617 1119 Fuit
650 1054 776 1136 quidam
812 1055 865 1135 qui
898 1054 1030 1117 habebat
1062 1054 1221 1135 pulchram
1258 1054 1426 1131 mulierem,
1459 1056 1514 1115 erat

458 1150 557 1209 tamen
583 1145 731 1208 meretrix.
778 1143 922 1218 Quadam
946 1162 1020 1207 vero
1036 1143 1094 1221 die,
1118 1161 1188 1206 curn
1204 1142 1253 1205 vir
1267 1160 1343 1206 suus
1365 1146 1512 1222 egrotaret,

402 1251 444 1297 uso
458 1232 535 1297 dixit
557 1234 584 1297 ei
608 1238 641 1296 ut
664 1233 720 1297 iret
741 1233 780 1296 ad
803 1237 960 1313 apotecam
984 1237 1014 1295 et
1036 1237 1149 1295 emeret
1179 1231 1239 1295 sibi
1268 1232 1309 1295 de
1332 1231 1423 1295 rebus
1445 1248 1514 1311 quas

460 1322 597 1387 medicus
620 1322 801 1387 consuleret.
839 1324 873 1385 Et
889 1340 1042 1401 exurgens
1058 1320 1169 1384 mulier
1184 1322 1238 1384 ivit
1252 1321 1292 1384 ad
1307 1321 1513 1402 apotecarium,

458 1412 511 1492 qui
536 1415 598 1475 erat
620 1412 753 1475 amasius
775 1428 859 1488 suus,
883 1415 918 1473 ut
938 1410 998 1474 sibi
1020 1411 1105 1473 daret
1127 1410 1193 1473 illas
1216 1429 1277 1487 res;
1301 1415 1330 1473 et
1352 1408 1514 1473 introducta

458 1501 488 1563 in
513 1504 645 1580 apoteca,
668 1500 747 1563 stetit
770 1518 839 1563 eum
863 1500 980 1562 amasio
1003 1517 1071 1562 suo.
1118 1500 1154 1562 Et
1177 1499 1312 1580 precepit
1333 1497 1514 1579 apotecarius

456 1606 545 1653 servo
561 1606 619 1652 suo
635 1589 720 1669 quod
735 1588 820 1652 daret
834 1588 893 1651 sibi
907 1589 1084 1668 omniaque
1096 1588 1225 1652 volebat.
1241 1587 1355 1651 Servus
1365 1606 1440 1651 vero
1451 1604 1514 1649 cum

402 1695 444 1741 uso
459 1683 538 1741 esset
551 1678 660 1741 stultus
670 1678 786 1759 accepit
797 1678 1023 1757 manutergium
1036 1681 1066 1739 et
1077 1677 1205 1740 involvit
1220 1677 1250 1739 in
1263 1694 1302 1739 eo
1314 1677 1470 1757 pulverem
1481 1674 1515 1737 de

457 1771 535 1830 terra
551 1772 579 1830 et
595 1766 697 1847 ligavit
713 1771 741 1829 et
756 1766 839 1830 dedit
855 1766 975 1829 mulieri
992 1767 1098 1829 dicens
1113 1765 1154 1828 ei:
1172 1767 1247 1829 Ecce
1262 1765 1367 1828 omnia
1382 1769 1453 1829 sunt
1468 1764 1513 1827 ibi.

459 1857 493 1918 Et
515 1856 622 1919 abiens
646 1856 756 1918 mulier
778 1856 816 1918 ad
834 1856 964 1919 domum
988 1873 1084 1931 suam,
1108 1854 1273 1934 assignavit
1297 1855 1513 1934 manutergium

457 1962 515 2008 suo
528 1945 602 2022 viro,
619 1949 648 2007 et
664 1944 783 2008 intravit
798 1944 928 2008 domum
944 1944 1034 2007 aliam
1051 1948 1084 2006 ut
1098 1948 1271 2024 apportaret
1286 1962 1347 2020 vas,
1363 1944 1418 2006 ubi
1435 1960 1514 2023 repo

457 2038 542 2097 neret
558 2051 605 2096 res
622 2034 695 2097 illas.
728 2034 764 2096 Et
779 2034 904 2097 solvens
918 2033 965 2095 vir
980 2032 1206 2112 manutergium
1224 2032 1340 2095 invenit
1356 2032 1514 2112 pulverem,

402 2140 443 2186 ovo
458 2127 487 2185 et
516 2122 655 2186 clamavit
688 2122 726 2185 ad
758 2140 824 2185 eam
857 2121 977 2185 dicens:
1013 2121 1099 2195 Quid
1132 2127 1177 2185 est
1212 2122 1295 2185 hoc?
1351 2121 1432 2185 ivisti
1464 2138 1514 2201 pro

457 2211 626 2289 medicinis,
651 2215 679 2273 et
701 2212 865 2291 apportasti
888 2210 1060 2291 pulverem!
1108 2211 1143 2273 Et
1167 2210 1218 2273 iila
1239 2210 1377 2289 audiens,
1402 2208 1516 2289 reliquit

457 2319 517 2380 que
540 2300 571 2362 in
597 2318 689 2362 manu
713 2300 840 2377 tenebat,
865 2305 895 2363 et
916 2300 1068 2381 accipiens
1083 2300 1243 2362 cribetlum
1260 2299 1352 2361 exivit
1365 2298 1405 2361 ad
1421 2300 1514 2361 virum

456 2406 557 2466 suurn,
581 2394 610 2451 et
632 2390 673 2451 ait
695 2390 735 2452 ei:
760 2390 867 2453 Nescis
891 2389 977 2469 quod
993 2388 1107 2451 accedit
1123 2388 1198 2450 mitri
1215 2389 1246 2451 in
1264 2389 1320 2466 via,
1344 2406 1415 2451 curn
1436 2388 1513 2462 irem,

456 2497 525 2542 ecce
549 2495 647 2558 equus
670 2496 797 2542 currens
821 2478 943 2559 impulit
965 2497 1023 2556 me,·
1046 2482 1075 2541 et
1098 2477 1199 2542 cormi
1217 2479 1248 2540 in
1264 2483 1384 2541 terram.
1420 2478 1514 2558 ltaque

401 2587 442 2634 ovo
457 2567 565 2631 cecidit
588 2567 663 2630 mihi
687 2568 726 2631 de
743 2587 835 2630 manu
858 2586 926 2630 mea
939 2571 1110 2648 argentum,
1133 2572 1162 2630 et
1178 2585 1242 2631 non
1260 2572 1369 2647 potens
1386 2566 1515 2629 invenire

456 2656 540 2735 iilud,
572 2657 756 2737 congregavi
788 2657 945 2738 pulverem
969 2657 1008 2719 de
1032 2656 1102 2720 ioco
1126 2656 1187 2733 ilio,
1219 2656 1334 2720 involvi
1359 2657 1390 2719 in
1414 2672 1514 2718 manu-

456 2746 561 2825 tergio,
593 2747 694 2829 donec
716 2745 878 2809 educerem
908 2746 984 2808 iliud
1009 2764 1063 2826 per
1085 2745 1256 2824 cribetlum,
1287 2746 1413 2809 forsitan
1437 2746 1515 2807 inve-

457 2835 538 2897 niam
564 2835 674 2914 ipsum.
722 2836 757 2897 Et
783 2835 914 2898 audiens
936 2834 982 2897 vir
1011 2834 1139 2897 credidit
1166 2834 1203 2912 ei,
1234 2839 1263 2897 et
1290 2835 1379 2897 dixit:
1410 2834 1515 2914 Accipe

456 2925 527 3005 plus
550 2923 589 2986 de
613 2927 748 3003 argento,
773 2928 802 2986 et
824 2923 902 2986 vade
925 2928 954 2986 et
976 2942 1043 2986 eme
1068 2923 1152 2985 mihi.

859 3071 886 3130 r.
922 3066 975 3147 1=
1001 3067 1030 3131 s.
1057 3067 1117 3147 u]

402 3209 442 3255 aso
549 3191 617 3254 Fuit
643 3190 768 3271 quidam
801 3209 919 3272 pauper
947 3196 1097 3254 mercator
1126 3190 1157 3253 in
1188 3191 1321 3270 quadam
1351 3196 1435 3268 terra,
1467 3188 1516 3270 qui

456 3280 586 3343 habebat
609 3280 691 3343 mitie
716 3280 807 3343 libras
830 3280 911 3357 ferri,
935 3285 971 3358 et,
1003 3299 1073 3344 cum
1101 3280 1191 3343 veliet
1213 3280 1285 3343 inde
1314 3280 1469 3344 discedere
1490 3281 1516 3340 et

455 3369 498 3431 ire
514 3368 553 3432 ad
568 3369 657 3432 aliam
675 3374 794 3446 terram,
818 3370 962 3449 deposuit
984 3369 1099 3432 terrum
1123 3369 1206 3449 apud
1230 3370 1396 3449 quemdam
1413 3374 1514 3432 notum

455 3475 556 3535 suum,
588 3462 622 3520 ut
643 3458 702 3521 sibi
731 3463 931 3536 conservaret,
963 3463 991 3521 et
1017 3459 1098 3522 abiit
1145 3458 1290 3538 Cumque
1313 3458 1424 3522 rediret
1451 3460 1516 3539 post

454 3550 584 3627 tempus,
609 3548 693 3626 petiit
715 3547 831 3609 terrum
855 3548 894 3610 ab
917 3546 1017 3610 amico
1041 3565 1107 3610 suo.
1147 3547 1206 3610 Cui
1231 3547 1402 3629 respondit:
1427 3545 1515 3611 Posui

400 3651 441 3700 aso
456 3635 570 3698 terrum
594 3640 682 3698 tuum
707 3637 737 3698 in
762 3655 827 3700 uno
850 3637 1035 3716 angulorum
1052 3636 1166 3700 domus
1185 3640 1213 3698 et
1229 3636 1430 3700 comederunt
1444 3634 1515 3698 illud

455 3743 566 3788 mures.
614 3725 681 3804 lpse
711 3743 785 3788 vero
815 3725 993 3788 vendiderat
1023 3730 1052 3788 et
1079 3725 1253 3789 comederat
1281 3726 1418 3805 precium
1446 3725 1515 3788 eius.

457 3815 493 3876 Et
515 3814 556 3876 ait
579 3818 740 3876 mercator:
766 3815 934 3894 Nunquam
950 3813 1125 3877 audivimus
1141 3832 1207 3877 esse
1224 3814 1254 3876 in
1272 3814 1393 3878 mundo
1408 3813 1514 3877 animal

455 3902 541 3983 quod
564 3902 716 3982 frangeret
739 3902 863 3980 terrum,
894 3907 923 3966 et
946 3903 1042 3966 modo
1073 3903 1273 3966 comederunt
1300 3921 1404 3966 mures
1431 3902 1514 3978 illud;

455 4009 539 4055 nunc
561 3997 662 4054 autem
688 3991 763 4053 nihil
788 3997 897 4072 reputo
921 3991 997 4053 iilud
1022 4011 1058 4054 ex
1081 4011 1146 4071 quo
1170 3991 1247 4055 deus
1270 3991 1408 4055 liberavit
1430 3997 1458 4055 te
1479 3992 1515 4054 ab

399 4097 440 4144 aso
455 4080 499 4144 eis
521 4085 550 4144 et
577 4099 640 4144 non
665 4080 862 4143 offenderunt
883 4084 921 4142 te,
967 4081 1006 4142 ut
1035 4080 1085 4142 iiie
1113 4080 1236 4160 gavisus
1262 4080 1327 4161 [est]
1357 4080 1396 4145 de
1424 4081 1515 4144 verbo

455 4169 540 4248 quod
564 4169 681 4232 audivit
707 4169 746 4231 ab
771 4187 817 4243 eo,
849 4169 1029 4246 rogavitque
1052 4169 1138 4231 illum
1164 4174 1196 4232 ut
1219 4170 1394 4233 comederet
1416 4187 1514 4234 secum

455 4255 506 4316 illa
528 4257 587 4330 die,
611 4259 640 4316 et
662 4255 763 4316 statuit
785 4255 843 4316 sibi
867 4256 1032 4317 terminum
1057 4258 1233 4319 reveniendi
1249 4257 1288 4320 ad
1312 4277 1394 4324 eum.
1436 4259 1514 4322 Post-
