3525 5025
666 517 912 579 -175-

264 691 299 753 Et
319 691 410 753 tiliam
433 709 522 754 suam
546 710 616 754 curn
642 692 745 755 multis
773 691 887 755 divitiis
911 692 953 755 illi
982 692 1074 771 dedit,
1106 698 1134 756 et
1157 694 1206 772 ita,
1235 694 1325 756 Beata

215 797 250 842 mo
264 779 356 842 Maria
392 785 584 861 procurante,
623 781 716 860 longe
754 780 848 844 ditior
880 781 978 845 iactus
1007 787 1052 845 est
1082 801 1174 862 quam
1212 783 1325 861 judeus

262 869 355 931 iacere
377 869 534 932 noluisset.
572 871 649 933 Ecce
665 888 757 950 quam
775 871 894 933 bonum
911 875 955 934 est
970 871 1084 934 servire
1100 872 1189 934 Beate
1205 872 1323 951 Virgini

262 961 291 1021 et
311 957 403 1038 ipsam
428 959 595 1022 honorare!

549 1293 602 1359 15.
638 1293 777 1363 Etienne
801 1293 842 1362 de
867 1293 1031 1364 Bourlron.

621 1417 665 1470 (ed.
681 1416 753 1472 Lecoy
767 1416 831 1460 dela
845 1415 953 1470 biarche.)

658 1643 684 1696 t.
726 1634 779 1715 l=
804 1634 833 1698 s.
859 1634 921 1714 m]

344 1763 418 1824 ltem
454 1759 559 1823 audivi
593 1779 611 1822 a
645 1760 782 1840 quodam
818 1759 977 1839 magistro,
1012 1760 1065 1840 qui
1102 1761 1235 1824 ostendit
1265 1762 1325 1826 boc

261 1851 424 1913 luculenter
459 1850 582 1912 metrice
615 1849 831 1930 compositum,
866 1848 953 1929 quod
984 1849 1110 1929 quidam
1147 1851 1234 1914 miles
1268 1851 1325 1914 luit

261 1945 359 2020 raptor
391 1943 421 2002 et
452 1937 637 2018 flagiciosus,
669 1938 722 2017 qui
754 1937 793 2000 ad
823 1938 1000 2001 instanciam
1034 1939 1139 2002 uxoris
1169 1958 1232 2018 sue,
1263 1959 1324 2020 que

259 2029 343 2091 valde
366 2028 479 2090 devota
502 2031 572 2104 erat,
601 2026 683 2089 venit
705 2027 743 2089 ad
768 2027 979 2089 confitendum
1004 2027 1152 2108 episcopo
1175 2047 1246 2107 suo;
1270 2030 1323 2109 qui

225 2131 238 2175 5
260 2136 324 2180 cum
349 2135 423 2179 reus
437 2120 517 2180 esset
531 2115 699 2178 multorum
716 2116 955 2180 homicidiorum
976 2121 1004 2179 et
1018 2117 1149 2180 aliorum
1166 2117 1324 2197 scelerum,

260 2225 311 2270 nec
342 2205 434 2269 vellet
464 2205 508 2268 ire
536 2205 666 2273 Romam
690 2206 738 2268 vel
769 2205 857 2268 aliam
892 2205 1092 2285 penitenciam
1123 2206 1220 2270 tacere
1251 2226 1324 2270 con-

259 2297 392 2376 dignam,
422 2295 464 2356 ait
493 2294 522 2357 ei
553 2295 724 2375 episcopus,
756 2294 894 2357 conlisus
926 2293 966 2357 de
994 2295 1143 2371 Domino,
1174 2296 1260 2376 quod
1292 2297 1322 2359 in

259 2386 333 2450 tacto
358 2402 417 2446 suo
440 2383 567 2463 aliquod
587 2383 749 2446 consilium
774 2382 900 2446 deberet
921 2401 1091 2464 apponere:
1118 2385 1193 2463 vlu,
1217 2385 1324 2464 inquit,

261 2475 310 2554 qui
333 2478 380 2537 tot
402 2476 508 2537 noctes
530 2472 561 2535 in
585 2471 714 2536 servicio
737 2472 862 2553 dyaboli
887 2472 1024 2553 vigilasti,
1048 2473 1141 2537 velles
1163 2478 1195 2537 tu
1219 2475 1323 2538 saltem

216 2578 238 2622 n
260 2565 317 2627 hoc
345 2562 504 2626 modicum
536 2561 643 2638 iacere,
674 2562 759 2642 quod
790 2581 846 2642 per
875 2567 996 2625 noctem
1030 2562 1177 2642 integram
1209 2564 1241 2627 in
1266 2564 1324 2627 Dei

259 2652 387 2716 servicio
411 2652 443 2713 in
467 2651 592 2715 ecclesia
614 2651 767 2730 vigilares,
792 2651 868 2714 nulli
885 2652 934 2714 alii
952 2652 1083 2732 loquens
1099 2653 1147 2715 vel
1163 2653 1326 2716 intendens

260 2743 314 2805 nisi
341 2741 412 2804 Deo
435 2744 466 2803 et
487 2740 598 2803 sanctis
620 2740 695 2818 ejus,
724 2739 866 2820 rogando
889 2758 944 2804 eos
972 2759 1030 2821 pro
1053 2745 1103 2803 tua
1126 2742 1242 2805 salute?
1291 2744 1326 2805 Et

258 2926 388 2984 torum.a
423 2919 512 2981 Tunc
534 2918 592 2995 ille,
617 2918 754 2997 cogitans
777 2918 816 2980 de
839 2919 925 2983 bono
949 2920 1019 2981 loro
1043 2921 1128 2998 quod
1153 2920 1211 2983 sibi
1232 2920 1325 2983 iiebat

215 3022 236 3067 n
258 3015 286 3071 et
306 3010 347 3072 de
379 3008 499 3070 lenitate
526 3012 555 3070 et
584 3008 728 3070 brevitate
755 3007 834 3071 dicte
864 3008 1043 3088 penitencie,
1073 3008 1152 3072 banc
1173 3013 1325 3089 gratanter

257 3098 385 3179 accepit,
424 3114 516 3176 quem
552 3096 717 3176 episcopus
754 3096 786 3158 in
821 3097 947 3160 ecclesia
981 3097 1161 3175 introduxit,
1198 3098 1325 3162 firmatis

258 3188 373 3264 hostiis,
398 3190 427 3247 et
449 3185 583 3266 precepit
606 3203 645 3247 ne
668 3186 798 3248 omnino
815 3204 914 3266 usque
938 3186 968 3249 in
994 3204 1083 3248 mane
1104 3187 1194 3250 alicui
1219 3187 1325 3267 loque-

257 3282 346 3354 retur,
379 3274 447 3352 nisi,
477 3279 511 3337 ut
537 3274 652 3337 dictum
680 3278 733 3353 est,
764 3292 929 3355 usquequo
960 3276 1026 3355 ipse
1052 3275 1186 3339 adeum
1215 3276 1326 3340 rediret

258 3367 336 3430 tacto
360 3381 459 3427 mane.
495 3362 577 3426 Cum
600 3367 701 3426 autem
725 3382 825 3444 usque
848 3365 926 3427 circa
950 3364 1082 3427 mediam
1100 3369 1220 3428 noctem
1238 3366 1325 3429 miles

215 3470 359 3518 ancoram
395 3452 542 3515 crucifixo
573 3452 603 3514 in
639 3471 713 3533 pace
747 3454 866 3517 orando
896 3454 1057 3533 vigilasset,
1092 3472 1161 3517 ecce
1191 3454 1323 3535 quedam

257 3545 373 3630 claritas
408 3542 521 3622 incepit
554 3560 609 3623 per
643 3541 798 3606 ecclesiam
834 3542 954 3622 fulgere
988 3542 1075 3622 quasi
1110 3544 1134 3606 si
1170 3542 1324 3621 diesceret,

257 3633 392 3715 dyabolo
408 3635 598 3711 procurante,
622 3635 651 3694 et
665 3631 730 3693 visa
745 3635 790 3693 est
805 3632 831 3694 ei
850 3636 937 3711 porta
959 3636 1061 3712 aperta
1084 3636 1113 3694 et
1137 3632 1279 3695 homines
1295 3638 1324 3695 et

258 3723 400 3786 mulieres
412 3720 500 3799 quasi
517 3720 723 3800 ingredientes
740 3720 778 3782 ad
797 3720 964 3798 orandum;
988 3720 1100 3801 incepit
1115 3720 1222 3783 audire
1237 3721 1324 3800 qnasi

256 3811 399 3892 strepitus
414 3808 632 3888 quadrigarum
650 3809 823 3887 multarum,
845 3814 874 3873 et
889 3810 989 3872 visum
1006 3810 1064 3871 tuit
1079 3810 1164 3889 quod
1181 3810 1326 3871 intrarent

169 3927 170 3930 ¹
214 3900 412 3964 aecclesiam
449 3901 639 3975 mercatores,
678 3898 732 3977 qui
764 3899 907 3964 dixerunt
936 3899 1023 3980 quod
1055 3898 1138 3961 missi
1170 3902 1255 3959 erant
1284 3899 1323 3961 ab

169 4047 170 4062 ,
257 4008 352 4054 uxore
367 4006 432 4065 sua,
457 3987 529 4067 quia
544 3991 727 4050 mercatores
743 3992 834 4066 erant,
858 3988 1004 4050 ducentes
1024 3987 1135 4050 multas
1150 3986 1322 4066 quadrigas

256 4083 285 4141 et
305 4078 453 4142 volebant
481 4095 551 4139 eum
584 4075 696 4138 habere
726 4095 784 4157 pro
814 4076 962 4157 guidagio
992 4081 1021 4139 et
1052 4074 1240 4139 conductore
1271 4095 1325 4155 per

169 4221 170 4250 ,
255 4173 365 4231 terram
390 4165 529 4243 vicinam,
553 4169 582 4227 et
596 4164 670 4227 dare
685 4165 743 4229 sibi
760 4165 799 4229 de
814 4166 943 4246 pecunia
966 4183 1022 4228 sua
1036 4165 1076 4228 ad
1100 4165 1323 4245 beneplacitum

169 4253 170 4262 ’
255 4274 357 4320 suum.
406 4255 488 4318 Cum
519 4258 620 4317 autern
651 4253 805 4318 videretur
834 4254 861 4318 ei
894 4254 980 4333 quod
1010 4254 1076 4317 dies
1107 4271 1170 4316 non
1203 4253 1242 4316 ita
1265 4254 1324 4316 cito
