3525 5025
839 468 1061 524 ..gg-

418 638 528 701 mulier
551 638 632 701 iuxta
655 656 714 701 uos
738 639 864 715 recedat,
890 656 928 700 ne
951 639 990 702 ab
1014 639 1195 702 hominibus
1217 639 1369 702 videatur!
1410 639 1470 708 Res

417 727 527 807 pondit
560 744 625 791 rex:
668 727 786 791 „Anien
821 727 892 791 dico
927 727 994 802 tibi,
1034 728 1099 807 ipsa
1134 728 1227 790 michi
1262 728 1342 791 bene
1376 728 1470 810 placet;

362 834 403 881 sto
419 816 560 879 nondum
585 816 730 879 recedetu
779 815 977 880 senescalcus
1000 817 1060 879 hoc
1089 816 1218 879 audiens
1241 818 1333 880 tristis
1356 818 1472 880 recessit.

416 905 475 969 Vix
498 923 553 985 per
579 905 697 985 aliquot
726 910 847 985 tempus
875 906 1073 985 exspectabat,
1105 906 1233 985 quando
1261 906 1350 969 rediit
1376 910 1404 969 et
1426 907 1471 970 ait:

420 994 577 1059 „Domine
593 995 644 1071 nti,
667 1012 778 1057 aurora
800 997 854 1057 est.
892 993 951 1057 Dei
967 1012 1073 1058 amore
1089 1012 1154 1057 eam
1172 996 1350 1075 permittatis
1366 996 1470 1057 exiret«

418 1085 454 1145 Et
476 1083 538 1145 ille:
570 1082 716 1147 „Certum
740 1082 894 1163 estquod
925 1083 1027 1146 adhuc
1058 1102 1121 1146 non
1154 1084 1255 1147 exibit
1303 1085 1350 1147 Ad
1374 1086 1473 1147 lectum

416 1176 503 1235 tuum
528 1190 621 1251 perge
644 1177 673 1234 et
696 1172 829 1235 hostium
855 1176 925 1252 post
947 1177 975 1234 te
998 1172 1140 1235 claudel¹¹
1178 1172 1375 1237 Senescalcus
1393 1174 1475 1236 tristis

362 1278 404 1325 ms
418 1260 507 1324 valde
530 1261 658 1325 recessit
706 1260 788 1324 tlinc
811 1261 883 1323 inde
906 1261 1083 1339 ambulauit,
1112 1279 1277 1341 quousque
1300 1262 1381 1324 diem
1405 1263 1476 1325 clare

417 1350 501 1413 vidit.
548 1348 652 1413 Statim
676 1367 827 1412 eameram
859 1350 982 1413 intrauit
1009 1354 1037 1413 et
1065 1351 1117 1413 ait:
1156 1351 1312 1430 „Domine
1337 1353 1386 1429 mi,
1416 1351 1476 1413 dies

417 1444 462 1502 est
484 1438 571 1502 dara.
606 1438 720 1501 Mulier
742 1439 798 1501 erit
820 1440 956 1515 contusa,
980 1440 1005 1503 si
1029 1439 1175 1502 videatur.
1213 1440 1394 1503 Permittatis
1416 1458 1476 1502 eam

417 1528 532 1590 exiret«
581 1527 620 1590 At
643 1527 704 1591 ille:
733 1527 843 1593 „Certe
865 1528 1008 1591 nondum
1032 1528 1132 1606 exibit,
1157 1530 1229 1608 quia
1253 1529 1369 1609 optime
1392 1528 1476 1592 michi

417 1616 514 1697 placet
547 1616 587 1679 de
621 1618 762 1680 societate
795 1632 878 1679 suau
935 1617 1131 1680 senescalcus
1167 1618 1223 1681 hec
1256 1618 1386 1681 audiens
1419 1636 1477 1681 non

362 1724 404 1770 sao
418 1710 535 1786 poterat
557 1723 589 1768 se
612 1706 736 1768 ulterius
758 1706 927 1784 continere;
950 1706 1002 1769 ait:
1029 1706 1080 1771 »Ο
1097 1707 1179 1770 bone
1202 1707 1337 1782 domine,
1363 1707 1479 1788 permit-

416 1794 572 1857 tatiscam
596 1795 686 1872 exire,
710 1794 783 1874 quia
805 1812 882 1858 vxor
906 1813 973 1858 mea
996 1796 1074 1859 esttu
1115 1794 1177 1864 Rex
1202 1796 1259 1859 hec
1280 1796 1410 1859 audiens
1430 1797 1479 1858 ait:

420 1883 532 1964 „Aperi
563 1882 735 1961 fenestram,
767 1889 799 1946 vt
825 1884 955 1962 videam,
987 1885 1013 1946 si
1044 1902 1151 1947 verum
1183 1884 1340 1964 estquod
1372 1885 1477 1949 dirisi«

419 1973 468 2035 llle
492 1991 565 2036 vero
588 1973 750 2035 fenestram
774 1974 893 2053 aperuit
916 1977 945 2035 et
960 1972 1038 2036 clara
1054 1973 1120 2037 dies
1135 1974 1309 2053 apparebat.
1344 1972 1483 2053 Respexit

417 2080 470 2123 rex
500 2079 593 2142 super
624 2062 783 2124 mulierem
814 2060 985 2141 vidensque
1016 2062 1103 2142 quod
1134 2080 1211 2125 vxor
1241 2063 1405 2125 senescalci
1436 2062 1480 2125 sui
1585 2064 1586 2101 ¹

363 2168 404 2216 sss
418 2155 503 2226 esset,
516 2151 567 2213 ait:
584 2150 634 2215 »Ο
647 2152 787 2231 pessime,
800 2169 894 2230 quare
907 2155 1031 2231 propter
1043 2169 1169 2230 paruam
1184 2152 1361 2231 peccuniam
1379 2152 1483 2215 contu-

417 2240 486 2303 disti
521 2258 647 2302 vxorem
680 2244 775 2317 tuam,
811 2238 897 2320 quod
933 2258 982 2303 me
1017 2240 1176 2321 ignorante
1211 2258 1278 2303 eam
1314 2241 1483 2304 tradidisti?

419 2330 513 2391 Exeas
536 2330 596 2392 'cito
620 2329 658 2391 de
682 2347 779 2409 regno
803 2347 882 2406 meo,
907 2330 987 2409 quia,
1011 2330 1036 2391 si
1060 2329 1136 2391 vltra
1152 2329 1234 2391 diem
1256 2330 1346 2393 istum
1366 2348 1483 2393 moram

417 2418 531 2494 teceris,
557 2422 655 2481 morte
677 2418 852 2498 turpissima
876 2418 935 2480 eris
959 2418 1238 2498 condempnatus!“
1286 2418 1484 2482 Senescalcus

417 2527 491 2571 vero
526 2508 585 2572 hoc
618 2507 747 2571 audiens
781 2507 859 2587 fugit
890 2526 947 2572 nec
981 2508 1058 2571 ultra
1092 2508 1276 2588 comparuit,-
1316 2527 1369 2570 rex
1402 2528 1485 2586 ver0,
1585 2504 1586 2511 '

363 2598 566 2679 stoquamdiu
599 2599 679 2676 vixit,
710 2615 836 2660 uxorem
869 2597 936 2660 eius
967 2597 997 2659 in
1031 2599 1149 2660 honore
1177 2602 1206 2659 et
1236 2597 1352 2676 gaudio
1381 2616 1485 2661 secum
1585 2613 1586 2642 ³

417 2688 520 2750 tenuit.
554 2724 579 2731 -
613 2687 686 2751 Post
708 2687 901 2750 amocionem
930 2686 1092 2749 senescalci
1122 2686 1286 2749 exercitum
1311 2687 1436 2766 collegit
1459 2693 1487 2749 et
1585 2735 1586 2764 ,

419 2776 548 2846 Romam
588 2777 709 2841 obsedit
750 2781 810 2839 tam
854 2775 925 2852 diu,
972 2793 1136 2854 quousque
1180 2775 1310 2843 Romani
1354 2793 1487 2855 corpora
1585 2785 1586 2796 ¹

418 2871 592 2930 sanctorum
618 2867 696 2930 Petri
729 2871 757 2928 et
786 2865 871 2928 Pauli
903 2865 1047 2927 volebant
1074 2865 1101 2928 ei
1133 2865 1213 2942 dare,
1245 2868 1279 2927 ut
1308 2863 1486 2928 discederet.
1585 2925 1586 2934 ,

420 2957 511 3018 Erant
534 2962 606 3019 tunc
628 2957 659 3018 in
683 2955 801 3018 ciuitate
818 2956 888 3018 .Vll.
912 2954 1070 3034 sapientes,
1095 2954 1172 3016 sicut
1196 2954 1254 3015 iam
1280 2970 1338 3016 uos
1359 2953 1486 3032 habetis,

364 3062 405 3108 eso
419 3045 459 3107 de
494 3062 628 3124 quorum
659 3044 789 3107 concilio
820 3048 882 3105 tota
913 3043 1018 3106 ciuitas
1049 3046 1111 3104 erat
1140 3042 1282 3121 regulata.
1328 3043 1489 3106 Venerunt
1585 3117 1586 3126 χ

418 3134 501 3197 ciues
528 3132 567 3194 ad
595 3133 745 3212 sapientes
773 3135 802 3194 et
829 3130 984 3194 dixerunt:
1018 3131 1124 3205 „Quid
1152 3131 1321 3194 faciemus?
1368 3130 1489 3195 Ciuitas

418 3226 463 3284 est
486 3222 516 3283 in
541 3221 677 3301 periculo
701 3219 864 3302 perdendi;
888 3221 936 3283 vel
960 3224 1080 3301 oportet
1102 3221 1147 3282 eis
1170 3220 1320 3283 ciuitatem
1344 3219 1411 3282 dari
1436 3226 1490 3284 aut

419 3328 548 3390 corpora
582 3315 784 3374 sanctorum.¹¹
841 3310 892 3371 Ait
923 3310 1051 3389 primus:
1090 3310 1176 3389 „Ego
1208 3309 1391 3389 manucapio
1423 3329 1488 3374 vno

418 3398 469 3462 die
492 3399 642 3462 ciuitatem
659 3405 688 3461 et
703 3417 833 3480 corpora
857 3399 917 3479 (Βὶ.
937 3398 1044 3476 162ν.)
1066 3399 1214 3460 εειίυεῑε.“
1247 3397 1297 3459 nit
1317 3397 1488 3462 secundus:

363 3507 405 3553 aro
423 3489 479 3554 „Et
501 3506 560 3568 ego
588 3490 726 3552 secundo
753 3488 803 3551 die
834 3487 1017 3567 manucapio
1040 3487 1185 3550 saluaret
1237 3488 1272 3549 Et
1301 3487 1346 3550 sic
1375 3505 1489 3552 omnes

419 3596 473 3658 per
489 3578 629 3640 ordinem
646 3577 795 3656 dixerunt,
812 3578 890 3641 sicut
905 3576 1040 3656 magistri
1056 3577 1099 3639 tui
1115 3576 1181 3639 tilio
1197 3581 1251 3640 tuo
1268 3577 1487 3657 promiserunt

419 3666 483 3734 Rex
516 3685 591 3729 vero
622 3667 734 3747 incepit
768 3666 879 3731 ciuitati
912 3665 985 3728 dare
1016 3666 1172 3729 insultus.'
1210 3665 1332 3728 Primus
1363 3667 1488 3746 sapiens
1585 3691 1586 3708 1

419 3755 531 3834 incepit
553 3755 682 3834 allegare
711 3775 768 3835 pro
791 3773 872 3837 pace,
901 3754 983 3817 vnde
1007 3754 1046 3817 ita
1074 3754 1241 3835 prudenter
1264 3755 1376 3833 incepit
1399 3755 1486 3835 loqui

419 3843 504 3923 quod
523 3861 575 3906 rex
590 3843 760 3922 desistebat,
784 3849 813 3907 et
835 3843 975 3925 quolibet
997 3843 1048 3906 die
1063 3861 1142 3907 vnus
1166 3848 1236 3924 post
1258 3843 1360 3920 alium,
1385 3843 1488 3907 donec
1585 3907 1586 3920 ,

364 3932 457 3998 asad
490 3933 630 3995 ultimum
662 3933 752 3995 venit.
798 3935 955 3997 Venerunt
985 3933 1068 3996 ciues
1097 3933 1136 3995 ad
1168 3951 1238 3995 eum
1270 3936 1300 3994 et
1329 3930 1486 3995 dixerunt:

422 4022 472 4087 „0
497 4021 579 4084 bone
603 4023 752 4101 magister,
785 4041 836 4084 rex
859 4021 971 4084 iurauit
998 4021 1083 4102 quod
1108 4020 1158 4084 die
1182 4022 1309 4084 crastina
1333 4021 1484 4084 ciuitatem

419 4111 550 4188 habebit,
578 4111 624 4172 vel
654 4129 763 4174 omnes
787 4111 963 4173 moriemur.
1010 4109 1100 4174 Salua
1129 4128 1194 4187 nos,
1226 4111 1303 4173 sicut
1326 4111 1385 4173 iam
1409 4111 1485 4174 socii
1585 4125 1586 4136 ¹

418 4201 461 4263 tui
486 4200 655 4263 ieceruntll
692 4200 817 4262 atille:
844 4198 967 4266 „Nolite
990 4199 1110 4260 timeret
1152 4198 1291 4260 Crastina
1315 4199 1364 4260 die
1387 4217 1482 4262 vnum
1585 4267 1586 4284 χ
