<?xml version="1.0" encoding="UTF-8"?>
<!DOCTYPE html PUBLIC "-//W3C//DTD XHTML 1.0 Transitional//EN"
    "http://www.w3.org/TR/xhtml1/DTD/xhtml1-transitional.dtd">
<html xmlns="http://www.w3.org/1999/xhtml" xml:lang="en" lang="en">
 <head>
  <title>
</title>
<meta http-equiv="Content-Type" content="text/html;charset=utf-8" />
  <meta name='ocr-system' content='tesseract 3.04.00' />
  <meta name='ocr-capabilities' content='ocr_page ocr_carea ocr_par ocr_line ocrx_word'/>
</head>
<body>
  <div class='ocr_page' id='page_1' title='image "./probenderlatein00ulrigoog_0085.png"; bbox 0 0 3525 5025; ppageno 0'>
   <div class='ocr_carea' id='block_1_1' title="bbox 871 513 1088 569">
    <p class='ocr_par' dir='ltr' id='par_1_1' title="bbox 871 513 1088 569">
     <span class='ocr_line' id='line_1_1' title="bbox 871 513 1088 569; baseline 0.005 -20"><span class='ocrx_word' id='word_1_1' title='bbox 871 513 1088 569; x_wconf 70' lang='lat'><strong>-74-</strong></span> 
     </span>
    </p>
   </div>
   <div class='ocr_carea' id='block_1_2' title="bbox 447 682 1563 765">
    <p class='ocr_par' dir='ltr' id='par_1_2' title="bbox 447 682 1563 765">
     <span class='ocr_line' id='line_1_2' title="bbox 447 682 1563 765; baseline -0.004 -18"><span class='ocrx_word' id='word_1_2' title='bbox 447 700 597 747; x_wconf 79' lang='lat' dir='ltr'><strong>camelam</strong></span> <span class='ocrx_word' id='word_1_3' title='bbox 630 682 763 761; x_wconf 75' lang='lat' dir='ltr'><strong>intrauit,</strong></span> <span class='ocrx_word' id='word_1_4' title='bbox 794 684 905 747; x_wconf 79' lang='lat' dir='ltr'>milites</span> <span class='ocrx_word' id='word_1_5' title='bbox 935 684 1149 765; x_wconf 74' lang='lat' dir='ltr'><strong>sequebantur.</strong></span> <span class='ocrx_word' id='word_1_6' title='bbox 1193 683 1247 747; x_wconf 78' lang='lat' dir='ltr'><strong>xit</strong></span> <span class='ocrx_word' id='word_1_7' title='bbox 1277 684 1306 747; x_wconf 90' lang='lat' dir='ltr'><strong>ei</strong></span> <span class='ocrx_word' id='word_1_8' title='bbox 1338 684 1498 764; x_wconf 87' lang='lat' dir='ltr'><strong>imperator:</strong></span> <span class='ocrx_word' id='word_1_9' title='bbox 1559 693 1563 706; x_wconf 93' lang='grc'>·</span> 
     </span>
    </p>
   </div>
   <div class='ocr_carea' id='block_1_3' title="bbox 393 771 1514 2637">
    <p class='ocr_par' dir='ltr' id='par_1_3' title="bbox 393 771 1514 2637">
     <span class='ocr_line' id='line_1_3' title="bbox 451 771 1499 853; baseline -0.004 -16"><span class='ocrx_word' id='word_1_10' title='bbox 451 771 502 837; x_wconf 74' lang='lat'><strong>‚0</strong></span> <span class='ocrx_word' id='word_1_11' title='bbox 530 772 613 836; x_wconf 88' lang='lat' dir='ltr'><strong>bona</strong></span> <span class='ocrx_word' id='word_1_12' title='bbox 640 772 776 851; x_wconf 86' lang='lat' dir='ltr'><strong>domina,</strong></span> <span class='ocrx_word' id='word_1_13' title='bbox 808 772 885 853; x_wconf 90' lang='lat' dir='ltr'><strong>quid</strong></span> <span class='ocrx_word' id='word_1_14' title='bbox 913 772 967 836; x_wconf 91' lang='lat' dir='ltr'><strong>tibi</strong></span> <span class='ocrx_word' id='word_1_15' title='bbox 995 774 1079 837; x_wconf 78' lang='lat' dir='ltr'><strong>esti·</strong></span> <span class='ocrx_word' id='word_1_16' title='bbox 1128 773 1259 838; x_wconf 78' lang='lat' dir='ltr'><strong>Atilia:</strong></span> <span class='ocrx_word' id='word_1_17' title='bbox 1300 772 1351 839; x_wconf 72' lang='lat' dir='ltr'><strong>„O</strong></span> <span class='ocrx_word' id='word_1_18' title='bbox 1380 771 1499 846; x_wconf 89' lang='lat' dir='ltr'><strong>domine,</strong></span> 
     </span>
     <span class='ocr_line' id='line_1_4' title="bbox 449 860 1502 942; baseline 0 -20"><span class='ocrx_word' id='word_1_19' title='bbox 449 860 689 925; x_wconf 86' lang='lat' dir='ltr'><strong>misereremei!</strong></span> <span class='ocrx_word' id='word_1_20' title='bbox 737 862 794 926; x_wconf 87' lang='lat' dir='ltr'><strong>iste</strong></span> <span class='ocrx_word' id='word_1_21' title='bbox 816 878 879 925; x_wconf 89' lang='lat' dir='ltr'><strong>non</strong></span> <span class='ocrx_word' id='word_1_22' title='bbox 909 866 954 925; x_wconf 80' lang='lat' dir='ltr'><strong>est</strong></span> <span class='ocrx_word' id='word_1_23' title='bbox 981 861 1064 925; x_wconf 90' lang='lat' dir='ltr'><strong>iilius</strong></span> <span class='ocrx_word' id='word_1_24' title='bbox 1090 866 1169 939; x_wconf 91' lang='lat' dir='ltr'><strong>tuus,</strong></span> <span class='ocrx_word' id='word_1_25' title='bbox 1199 863 1255 926; x_wconf 87' lang='lat' dir='ltr'><strong>sed</strong></span> <span class='ocrx_word' id='word_1_26' title='bbox 1281 866 1329 925; x_wconf 93' lang='lat' dir='ltr'><strong>est</strong></span> <span class='ocrx_word' id='word_1_27' title='bbox 1358 860 1502 942; x_wconf 86' lang='lat' dir='ltr'><strong>dyabolus.</strong></span> 
     </span>
     <span class='ocr_line' id='line_1_5' title="bbox 393 947 1503 1031; baseline -0.005 -18"><span class='ocrx_word' id='word_1_28' title='bbox 393 966 435 1013; x_wconf 80' lang='lat' dir='ltr'><strong>asu</strong></span> <span class='ocrx_word' id='word_1_29' title='bbox 450 949 534 1014; x_wconf 80' lang='lat' dir='ltr'><strong>Sicut</strong></span> <span class='ocrx_word' id='word_1_30' title='bbox 555 950 646 1027; x_wconf 89' lang='lat' dir='ltr'><strong>scitis,</strong></span> <span class='ocrx_word' id='word_1_31' title='bbox 675 968 748 1015; x_wconf 84' lang='lat' dir='ltr'><strong>eum</strong></span> <span class='ocrx_word' id='word_1_32' title='bbox 779 950 934 1015; x_wconf 84' lang='lat' dir='ltr'><strong>introduxi</strong></span> <span class='ocrx_word' id='word_1_33' title='bbox 962 950 1001 1014; x_wconf 88' lang='lat' dir='ltr'><strong>ad</strong></span> <span class='ocrx_word' id='word_1_34' title='bbox 1030 950 1232 1031; x_wconf 89' lang='lat' dir='ltr'><strong>loquendum.</strong></span> <span class='ocrx_word' id='word_1_35' title='bbox 1284 950 1369 1015; x_wconf 87' lang='lat' dir='ltr'><strong>Cum</strong></span> <span class='ocrx_word' id='word_1_36' title='bbox 1392 967 1460 1012; x_wconf 89' lang='lat' dir='ltr'><strong>vero</strong></span> <span class='ocrx_word' id='word_1_37' title='bbox 1480 947 1503 1009; x_wconf 91' lang='lat' dir='ltr'><strong>ei</strong></span> 
     </span>
     <span class='ocr_line' id='line_1_6' title="bbox 449 1038 1503 1120; baseline -0.004 -19"><span class='ocrx_word' id='word_1_38' title='bbox 449 1038 604 1120; x_wconf 88' lang='lat' dir='ltr'><strong>predicaui</strong></span> <span class='ocrx_word' id='word_1_39' title='bbox 629 1044 662 1103; x_wconf 93' lang='lat' dir='ltr'><strong>ut</strong></span> <span class='ocrx_word' id='word_1_40' title='bbox 685 1040 868 1119; x_wconf 89' lang='lat' dir='ltr'><strong>loqueretur,</strong></span> <span class='ocrx_word' id='word_1_41' title='bbox 898 1040 948 1103; x_wconf 93' lang='lat' dir='ltr'><strong>ille</strong></span> <span class='ocrx_word' id='word_1_42' title='bbox 972 1058 1022 1103; x_wconf 88' lang='lat' dir='ltr'><strong>me</strong></span> <span class='ocrx_word' id='word_1_43' title='bbox 1044 1039 1082 1104; x_wconf 90' lang='lat' dir='ltr'><strong>ad</strong></span> <span class='ocrx_word' id='word_1_44' title='bbox 1112 1044 1281 1120; x_wconf 89' lang='lat' dir='ltr'><strong>peccatum,</strong></span> <span class='ocrx_word' id='word_1_45' title='bbox 1312 1041 1344 1102; x_wconf 92' lang='lat' dir='ltr'><strong>in</strong></span> <span class='ocrx_word' id='word_1_46' title='bbox 1370 1042 1503 1119; x_wconf 91' lang='lat' dir='ltr'><strong>quantum</strong></span> 
     </span>
     <span class='ocr_line' id='line_1_7' title="bbox 449 1125 1505 1209; baseline -0.006 -18"><span class='ocrx_word' id='word_1_47' title='bbox 449 1128 555 1209; x_wconf 91' lang='lat' dir='ltr'><strong>potuit,</strong></span> <span class='ocrx_word' id='word_1_48' title='bbox 586 1128 756 1205; x_wconf 85' lang='lat' dir='ltr'><strong>solicitauit,</strong></span> <span class='ocrx_word' id='word_1_49' title='bbox 786 1134 816 1191; x_wconf 90' lang='lat' dir='ltr'><strong>et</strong></span> <span class='ocrx_word' id='word_1_50' title='bbox 838 1129 911 1209; x_wconf 90' lang='lat' dir='ltr'><strong>quia</strong></span> <span class='ocrx_word' id='word_1_51' title='bbox 939 1129 966 1191; x_wconf 88' lang='lat' dir='ltr'><strong>ei</strong></span> <span class='ocrx_word' id='word_1_52' title='bbox 990 1130 1162 1193; x_wconf 86' lang='lat' dir='ltr'><strong>consentire</strong></span> <span class='ocrx_word' id='word_1_53' title='bbox 1193 1129 1294 1206; x_wconf 91' lang='lat' dir='ltr'><strong>nolui,</strong></span> <span class='ocrx_word' id='word_1_54' title='bbox 1328 1130 1394 1209; x_wconf 90' lang='lat' dir='ltr'><strong>ipse</strong></span> <span class='ocrx_word' id='word_1_55' title='bbox 1417 1125 1505 1188; x_wconf 88' lang='lat' dir='ltr'><strong>mevi</strong></span> 
     </span>
     <span class='ocr_line' id='line_1_8' title="bbox 449 1216 1508 1299; baseline -0.007 -18"><span class='ocrx_word' id='word_1_56' title='bbox 449 1218 626 1299; x_wconf 84' lang='lat' dir='ltr'><strong>opprimere</strong></span> <span class='ocrx_word' id='word_1_57' title='bbox 648 1217 782 1281; x_wconf 89' lang='lat' dir='ltr'><strong>uolebat.</strong></span> <span class='ocrx_word' id='word_1_58' title='bbox 829 1217 890 1281; x_wconf 87' lang='lat' dir='ltr'><strong>Sed</strong></span> <span class='ocrx_word' id='word_1_59' title='bbox 915 1218 1016 1295; x_wconf 76' lang='lat' dir='ltr'><strong>restiti,</strong></span> <span class='ocrx_word' id='word_1_60' title='bbox 1041 1218 1245 1299; x_wconf 90' lang='lat' dir='ltr'><strong>inquantum</strong></span> <span class='ocrx_word' id='word_1_61' title='bbox 1273 1216 1373 1299; x_wconf 91' lang='lat' dir='ltr'><strong>potui,</strong></span> <span class='ocrx_word' id='word_1_62' title='bbox 1397 1218 1508 1296; x_wconf 90' lang='lat' dir='ltr'><strong>propter</strong></span> 
     </span>
     <span class='ocr_line' id='line_1_9' title="bbox 448 1302 1508 1385; baseline -0.006 -16"><span class='ocrx_word' id='word_1_63' title='bbox 448 1306 627 1370; x_wconf 90' lang='lat' dir='ltr'><strong>scandalum</strong></span> <span class='ocrx_word' id='word_1_64' title='bbox 659 1306 851 1385; x_wconf 88' lang='lat' dir='ltr'><strong>euitandum,</strong></span> <span class='ocrx_word' id='word_1_65' title='bbox 882 1305 983 1371; x_wconf 91' lang='lat' dir='ltr'><strong>donec</strong></span> <span class='ocrx_word' id='word_1_66' title='bbox 1013 1307 1121 1371; x_wconf 86' lang='lat' dir='ltr'><strong>taciem</strong></span> <span class='ocrx_word' id='word_1_67' title='bbox 1154 1326 1253 1371; x_wconf 91' lang='lat' dir='ltr'><strong>meam</strong></span> <span class='ocrx_word' id='word_1_68' title='bbox 1286 1306 1328 1370; x_wconf 92' lang='lat' dir='ltr'><strong>ad</strong></span> <span class='ocrx_word' id='word_1_69' title='bbox 1362 1302 1508 1384; x_wconf 83' lang='lat' dir='ltr'><strong>sanguinis</strong></span> 
     </span>
     <span class='ocr_line' id='line_1_10' title="bbox 393 1392 1510 1476; baseline -0.008 -17"><span class='ocrx_word' id='word_1_70' title='bbox 393 1414 435 1459; x_wconf 82' lang='lat' dir='ltr'><strong>ssu</strong></span> <span class='ocrx_word' id='word_1_71' title='bbox 450 1396 634 1460; x_wconf 88' lang='lat' dir='ltr'><strong>etiusiouem</strong></span> <span class='ocrx_word' id='word_1_72' title='bbox 658 1396 834 1459; x_wconf 90' lang='lat' dir='ltr'><strong>dilacerauit</strong></span> <span class='ocrx_word' id='word_1_73' title='bbox 860 1399 890 1459; x_wconf 87' lang='lat' dir='ltr'><strong>et</strong></span> <span class='ocrx_word' id='word_1_74' title='bbox 912 1400 1010 1460; x_wconf 91' lang='lat' dir='ltr'><strong>vestes</strong></span> <span class='ocrx_word' id='word_1_75' title='bbox 1033 1415 1068 1459; x_wconf 91' lang='lat' dir='ltr'><strong>ac</strong></span> <span class='ocrx_word' id='word_1_76' title='bbox 1091 1402 1273 1460; x_wconf 89' lang='lat' dir='ltr'><strong>ornamenta</strong></span> <span class='ocrx_word' id='word_1_77' title='bbox 1298 1395 1414 1476; x_wconf 91' lang='lat' dir='ltr'><strong>capitis,</strong></span> <span class='ocrx_word' id='word_1_78' title='bbox 1443 1392 1510 1455; x_wconf 91' lang='lat' dir='ltr'><strong>sicut</strong></span> 
     </span>
     <span class='ocr_line' id='line_1_11' title="bbox 449 1483 1509 1566; baseline -0.007 -19"><span class='ocrx_word' id='word_1_79' title='bbox 449 1484 521 1547; x_wconf 89' lang='lat' dir='ltr'><strong>satis</strong></span> <span class='ocrx_word' id='word_1_80' title='bbox 550 1490 655 1564; x_wconf 87' lang='lat' dir='ltr'><strong>aperte</strong></span> <span class='ocrx_word' id='word_1_81' title='bbox 684 1484 790 1549; x_wconf 89' lang='lat' dir='ltr'><strong>videre</strong></span> <span class='ocrx_word' id='word_1_82' title='bbox 822 1485 960 1566; x_wconf 73' lang='lat' dir='ltr'><strong>potestis,</strong></span> <span class='ocrx_word' id='word_1_83' title='bbox 996 1489 1025 1548; x_wconf 88' lang='lat' dir='ltr'><strong>et</strong></span> <span class='ocrx_word' id='word_1_84' title='bbox 1054 1485 1112 1548; x_wconf 90' lang='lat' dir='ltr'><strong>nisi</strong></span> <span class='ocrx_word' id='word_1_85' title='bbox 1148 1486 1241 1548; x_wconf 90' lang='lat' dir='ltr'><strong>cicius</strong></span> <span class='ocrx_word' id='word_1_86' title='bbox 1277 1485 1320 1547; x_wconf 92' lang='lat' dir='ltr'><strong>ad</strong></span> <span class='ocrx_word' id='word_1_87' title='bbox 1356 1483 1509 1547; x_wconf 89' lang='lat' dir='ltr'><strong>clamorem</strong></span> 
     </span>
     <span class='ocr_line' id='line_1_12' title="bbox 449 1572 1511 1655; baseline -0.008 -18"><span class='ocrx_word' id='word_1_88' title='bbox 449 1574 600 1651; x_wconf 83' lang='lat' dir='ltr'><strong>veniretis,</strong></span> <span class='ocrx_word' id='word_1_89' title='bbox 638 1591 725 1638; x_wconf 91' lang='lat' dir='ltr'><strong>suam</strong></span> <span class='ocrx_word' id='word_1_90' title='bbox 758 1574 947 1637; x_wconf 69' lang='lat' dir='ltr'><strong>uoluntatem</strong></span> <span class='ocrx_word' id='word_1_91' title='bbox 980 1574 1041 1654; x_wconf 85' lang='grc' dir='ltr'><strong>(Βὶ.</strong></span> <span class='ocrx_word' id='word_1_92' title='bbox 1073 1578 1176 1651; x_wconf 87' lang='lat' dir='ltr'><strong>t4tr.)</strong></span> <span class='ocrx_word' id='word_1_93' title='bbox 1208 1576 1381 1655; x_wconf 85' lang='lat' dir='ltr'><strong>pessimam</strong></span> <span class='ocrx_word' id='word_1_94' title='bbox 1411 1572 1441 1632; x_wconf 90' lang='lat' dir='ltr'><strong>in</strong></span> <span class='ocrx_word' id='word_1_95' title='bbox 1470 1585 1511 1630; x_wconf 90' lang='lat' dir='ltr'><strong>me</strong></span> 
     </span>
     <span class='ocr_line' id='line_1_13' title="bbox 449 1659 1511 1745; baseline -0.008 -20"><span class='ocrx_word' id='word_1_96' title='bbox 449 1661 693 1743; x_wconf 72' lang='lat' dir='ltr'><strong>compleuisset„⁴¹</strong></span> <span class='ocrx_word' id='word_1_97' title='bbox 730 1664 905 1745; x_wconf 87' lang='lat' dir='ltr'><strong>imperator,</strong></span> <span class='ocrx_word' id='word_1_98' title='bbox 929 1681 999 1725; x_wconf 93' lang='lat' dir='ltr'><strong>cum</strong></span> <span class='ocrx_word' id='word_1_99' title='bbox 1015 1682 1082 1726; x_wconf 90' lang='lat' dir='ltr'><strong>eam</strong></span> <span class='ocrx_word' id='word_1_100' title='bbox 1107 1664 1382 1744; x_wconf 81' lang='lat' dir='ltr'><strong>sanguinolentam</strong></span> <span class='ocrx_word' id='word_1_101' title='bbox 1399 1659 1511 1723; x_wconf 86' lang='lat' dir='ltr'><strong>vidisset</strong></span> 
     </span>
     <span class='ocr_line' id='line_1_14' title="bbox 449 1745 1512 1833; baseline -0.008 -19"><span class='ocrx_word' id='word_1_102' title='bbox 449 1770 484 1814; x_wconf 90' lang='lat' dir='ltr'><strong>ac</strong></span> <span class='ocrx_word' id='word_1_103' title='bbox 513 1756 611 1815; x_wconf 86' lang='lat' dir='ltr'><strong>vestes</strong></span> <span class='ocrx_word' id='word_1_104' title='bbox 640 1751 817 1817; x_wconf 87' lang='lat' dir='ltr'><strong>dilaceratas</strong></span> <span class='ocrx_word' id='word_1_105' title='bbox 846 1757 875 1816; x_wconf 91' lang='lat' dir='ltr'><strong>et</strong></span> <span class='ocrx_word' id='word_1_106' title='bbox 904 1752 971 1816; x_wconf 90' lang='lat' dir='ltr'><strong>eius</strong></span> <span class='ocrx_word' id='word_1_107' title='bbox 1000 1753 1232 1833; x_wconf 91' lang='lat' dir='ltr'><strong>queremoniam</strong></span> <span class='ocrx_word' id='word_1_108' title='bbox 1264 1752 1414 1826; x_wconf 87' lang='lat' dir='ltr'><strong>audisset,</strong></span> <span class='ocrx_word' id='word_1_109' title='bbox 1443 1745 1512 1809; x_wconf 86' lang='lat' dir='ltr'><strong>turia</strong></span> 
     </span>
     <span class='ocr_line' id='line_1_15' title="bbox 394 1836 1510 1923; baseline -0.007 -20"><span class='ocrx_word' id='word_1_110' title='bbox 394 1858 436 1903; x_wconf 80' lang='lat' dir='ltr'><strong>aro</strong></span> <span class='ocrx_word' id='word_1_111' title='bbox 452 1841 584 1921; x_wconf 88' lang='lat' dir='ltr'><strong>repletus</strong></span> <span class='ocrx_word' id='word_1_112' title='bbox 607 1842 741 1922; x_wconf 86' lang='lat' dir='ltr'><strong>precepit</strong></span> <span class='ocrx_word' id='word_1_113' title='bbox 763 1842 943 1905; x_wconf 89' lang='lat' dir='ltr'><strong>satellitibus</strong></span> <span class='ocrx_word' id='word_1_114' title='bbox 966 1846 998 1905; x_wconf 93' lang='lat' dir='ltr'><strong>ut</strong></span> <span class='ocrx_word' id='word_1_115' title='bbox 1013 1860 1084 1905; x_wconf 89' lang='lat' dir='ltr'><strong>eum</strong></span> <span class='ocrx_word' id='word_1_116' title='bbox 1101 1842 1140 1905; x_wconf 96' lang='lat' dir='ltr'><strong>ad</strong></span> <span class='ocrx_word' id='word_1_117' title='bbox 1164 1842 1341 1923; x_wconf 89' lang='lat' dir='ltr'><strong>patibulum</strong></span> <span class='ocrx_word' id='word_1_118' title='bbox 1367 1836 1510 1908; x_wconf 88' lang='lat' dir='ltr'><strong>ducerent,</strong></span> 
     </span>
     <span class='ocr_line' id='line_1_16' title="bbox 449 1924 1511 2012; baseline -0.008 -21"><span class='ocrx_word' id='word_1_119' title='bbox 449 1933 483 1992; x_wconf 94' lang='lat' dir='ltr'><strong>ut</strong></span> <span class='ocrx_word' id='word_1_120' title='bbox 497 1930 744 2012; x_wconf 89' lang='lat' dir='ltr'><strong>suspenderetur.</strong></span> <span class='ocrx_word' id='word_1_121' title='bbox 779 1930 904 2011; x_wconf 86' lang='lat' dir='ltr'><strong>Satrape</strong></span> <span class='ocrx_word' id='word_1_122' title='bbox 920 1931 980 1995; x_wconf 91' lang='lat' dir='ltr'><strong>hoc</strong></span> <span class='ocrx_word' id='word_1_123' title='bbox 994 1931 1153 1995; x_wconf 89' lang='lat' dir='ltr'><strong>audientes</strong></span> <span class='ocrx_word' id='word_1_124' title='bbox 1168 1932 1328 1995; x_wconf 89' lang='lat' dir='ltr'><strong>dixerunt:</strong></span> <span class='ocrx_word' id='word_1_125' title='bbox 1357 1968 1371 1995; x_wconf 69' lang='lat' dir='ltr'><strong>n</strong></span> <span class='ocrx_word' id='word_1_126' title='bbox 1378 1924 1511 1996; x_wconf 90' lang='lat' dir='ltr'><strong>Domine,</strong></span> 
     </span>
     <span class='ocr_line' id='line_1_17' title="bbox 449 2012 1512 2097; baseline -0.008 -16"><span class='ocrx_word' id='word_1_127' title='bbox 449 2023 565 2083; x_wconf 91' lang='lat' dir='ltr'><strong>tantum</strong></span> <span class='ocrx_word' id='word_1_128' title='bbox 590 2019 714 2083; x_wconf 87' lang='lat' dir='ltr'><strong>unicum</strong></span> <span class='ocrx_word' id='word_1_129' title='bbox 742 2019 842 2082; x_wconf 85' lang='lat' dir='ltr'><strong>tilium</strong></span> <span class='ocrx_word' id='word_1_130' title='bbox 867 2020 977 2097; x_wconf 88' lang='lat' dir='ltr'><strong>habes;</strong></span> <span class='ocrx_word' id='word_1_131' title='bbox 1009 2038 1072 2086; x_wconf 92' lang='lat' dir='ltr'><strong>non</strong></span> <span class='ocrx_word' id='word_1_132' title='bbox 1101 2025 1146 2084; x_wconf 89' lang='lat' dir='ltr'><strong>est</strong></span> <span class='ocrx_word' id='word_1_133' title='bbox 1173 2021 1293 2084; x_wconf 90' lang='lat' dir='ltr'><strong>bouum</strong></span> <span class='ocrx_word' id='word_1_134' title='bbox 1325 2025 1388 2083; x_wconf 88' lang='lat' dir='ltr'><strong>tam</strong></span> <span class='ocrx_word' id='word_1_135' title='bbox 1418 2012 1512 2078; x_wconf 89' lang='lat' dir='ltr'><strong>leuiter</strong></span> 
     </span>
     <span class='ocr_line' id='line_1_18' title="bbox 450 2098 1512 2190; baseline -0.006 -19"><span class='ocrx_word' id='word_1_136' title='bbox 450 2126 520 2171; x_wconf 88' lang='lat' dir='ltr'><strong>eum</strong></span> <span class='ocrx_word' id='word_1_137' title='bbox 546 2108 693 2173; x_wconf 88' lang='lat' dir='ltr'><strong>occidere.</strong></span> <span class='ocrx_word' id='word_1_138' title='bbox 742 2110 802 2172; x_wconf 88' lang='lat' dir='ltr'><strong>Lex</strong></span> <span class='ocrx_word' id='word_1_139' title='bbox 830 2113 875 2173; x_wconf 90' lang='lat' dir='ltr'><strong>est</strong></span> <span class='ocrx_word' id='word_1_140' title='bbox 903 2109 1001 2190; x_wconf 87' lang='lat' dir='ltr'><strong>posita</strong></span> <span class='ocrx_word' id='word_1_141' title='bbox 1032 2128 1089 2190; x_wconf 94' lang='lat' dir='ltr'><strong>pro</strong></span> <span class='ocrx_word' id='word_1_142' title='bbox 1117 2109 1415 2189; x_wconf 74' lang='lat' dir='ltr'><strong>transgressoribus,</strong></span> <span class='ocrx_word' id='word_1_143' title='bbox 1445 2107 1472 2165; x_wconf 92' lang='lat' dir='ltr'><strong>et</strong></span> <span class='ocrx_word' id='word_1_144' title='bbox 1490 2098 1512 2162; x_wconf 87' lang='lat' dir='ltr'><strong>si</strong></span> 
     </span>
     <span class='ocr_line' id='line_1_19' title="bbox 450 2194 1514 2278; baseline -0.004 -19"><span class='ocrx_word' id='word_1_145' title='bbox 450 2199 529 2261; x_wconf 93' lang='lat' dir='ltr'><strong>mori</strong></span> <span class='ocrx_word' id='word_1_146' title='bbox 554 2199 652 2275; x_wconf 93' lang='lat' dir='ltr'><strong>debet,</strong></span> <span class='ocrx_word' id='word_1_147' title='bbox 677 2216 731 2278; x_wconf 93' lang='lat' dir='ltr'><strong>per</strong></span> <span class='ocrx_word' id='word_1_148' title='bbox 747 2198 845 2278; x_wconf 86' lang='lat' dir='ltr'><strong>legem</strong></span> <span class='ocrx_word' id='word_1_149' title='bbox 863 2199 1019 2276; x_wconf 91' lang='lat' dir='ltr'><strong>moriatur,</strong></span> <span class='ocrx_word' id='word_1_150' title='bbox 1043 2198 1234 2262; x_wconf 80' lang='lat' dir='ltr'><strong>medicatur:</strong></span> <span class='ocrx_word' id='word_1_151' title='bbox 1260 2200 1341 2262; x_wconf 83' lang='lat' dir='ltr'><strong>Ecce</strong></span> <span class='ocrx_word' id='word_1_152' title='bbox 1358 2194 1514 2276; x_wconf 85' lang='lat' dir='ltr'><strong>imperator</strong></span> 
     </span>
     <span class='ocr_line' id='line_1_20' title="bbox 395 2278 1512 2351; baseline -0.006 -2"><span class='ocrx_word' id='word_1_153' title='bbox 395 2286 518 2349; x_wconf 77' lang='lat' dir='ltr'><strong>ussine</strong></span> <span class='ocrx_word' id='word_1_154' title='bbox 541 2287 656 2351; x_wconf 92' lang='lat' dir='ltr'><strong>iudicio</strong></span> <span class='ocrx_word' id='word_1_155' title='bbox 679 2287 711 2349; x_wconf 94' lang='lat' dir='ltr'><strong>in</strong></span> <span class='ocrx_word' id='word_1_156' title='bbox 736 2288 814 2350; x_wconf 88' lang='lat' dir='ltr'><strong>turia</strong></span> <span class='ocrx_word' id='word_1_157' title='bbox 837 2306 893 2351; x_wconf 93' lang='lat' dir='ltr'><strong>sua</strong></span> <span class='ocrx_word' id='word_1_158' title='bbox 909 2288 1032 2351; x_wconf 86' lang='lat' dir='ltr'><strong>unicum</strong></span> <span class='ocrx_word' id='word_1_159' title='bbox 1052 2288 1151 2350; x_wconf 89' lang='lat' dir='ltr'><strong>tilium</strong></span> <span class='ocrx_word' id='word_1_160' title='bbox 1169 2305 1260 2351; x_wconf 90' lang='lat' dir='ltr'><strong>suum</strong></span> <span class='ocrx_word' id='word_1_161' title='bbox 1278 2286 1428 2351; x_wconf 72' lang='lat' dir='ltr'><strong>occiditl‘¹</strong></span> <span class='ocrx_word' id='word_1_162' title='bbox 1467 2278 1512 2342; x_wconf 85' lang='lat' dir='ltr'><strong>lile</strong></span> 
     </span>
     <span class='ocr_line' id='line_1_21' title="bbox 450 2375 1513 2458; baseline -0.001 -22"><span class='ocrx_word' id='word_1_163' title='bbox 450 2375 511 2438; x_wconf 92' lang='lat' dir='ltr'><strong>hoc</strong></span> <span class='ocrx_word' id='word_1_164' title='bbox 533 2376 663 2440; x_wconf 91' lang='lat' dir='ltr'><strong>audiens</strong></span> <span class='ocrx_word' id='word_1_165' title='bbox 686 2378 822 2458; x_wconf 85' lang='lat' dir='ltr'><strong>precepit</strong></span> <span class='ocrx_word' id='word_1_166' title='bbox 836 2382 870 2439; x_wconf 89' lang='lat' dir='ltr'><strong>ut</strong></span> <span class='ocrx_word' id='word_1_167' title='bbox 890 2378 1125 2441; x_wconf 83' lang='lat' dir='ltr'><strong>incarcerarenrr</strong></span> <span class='ocrx_word' id='word_1_168' title='bbox 1147 2380 1208 2440; x_wconf 92' lang='lat' dir='ltr'><strong>tota</strong></span> <span class='ocrx_word' id='word_1_169' title='bbox 1232 2382 1331 2456; x_wconf 90' lang='lat' dir='ltr'><strong>nocte,</strong></span> <span class='ocrx_word' id='word_1_170' title='bbox 1357 2384 1513 2456; x_wconf 80' lang='lat' dir='ltr'><strong>quousque</strong></span> 
     </span>
     <span class='ocr_line' id='line_1_22' title="bbox 451 2462 1510 2547; baseline -0.008 -20"><span class='ocrx_word' id='word_1_171' title='bbox 451 2464 598 2530; x_wconf 90' lang='lat' dir='ltr'><strong>iudicium</strong></span> <span class='ocrx_word' id='word_1_172' title='bbox 623 2470 728 2530; x_wconf 91' lang='lat' dir='ltr'><strong>contra</strong></span> <span class='ocrx_word' id='word_1_173' title='bbox 751 2484 822 2531; x_wconf 91' lang='lat' dir='ltr'><strong>eum</strong></span> <span class='ocrx_word' id='word_1_174' title='bbox 847 2465 1026 2547; x_wconf 86' lang='lat' dir='ltr'><strong>procederet</strong></span> <span class='ocrx_word' id='word_1_175' title='bbox 1040 2466 1091 2530; x_wconf 86' lang='lat' dir='ltr'><strong>die</strong></span> <span class='ocrx_word' id='word_1_176' title='bbox 1106 2466 1242 2530; x_wconf 88' lang='lat' dir='ltr'><strong>crastina.</strong></span> <span class='ocrx_word' id='word_1_177' title='bbox 1280 2467 1317 2530; x_wconf 83' lang='lat' dir='ltr'><strong>El</strong></span> <span class='ocrx_word' id='word_1_178' title='bbox 1340 2466 1387 2530; x_wconf 92' lang='lat' dir='ltr'><strong>sic</strong></span> <span class='ocrx_word' id='word_1_179' title='bbox 1409 2462 1510 2526; x_wconf 88' lang='lat' dir='ltr'><strong>factum</strong></span> 
     </span>
     <span class='ocr_line' id='line_1_23' title="bbox 450 2553 1512 2637; baseline -0.008 -20"><span class='ocrx_word' id='word_1_180' title='bbox 450 2558 503 2617; x_wconf 91' lang='lat' dir='ltr'><strong>est.</strong></span> <span class='ocrx_word' id='word_1_181' title='bbox 532 2557 716 2637; x_wconf 88' lang='lat' dir='ltr'><strong>imperatrix,</strong></span> <span class='ocrx_word' id='word_1_182' title='bbox 740 2574 810 2620; x_wconf 91' lang='lat' dir='ltr'><strong>cum</strong></span> <span class='ocrx_word' id='word_1_183' title='bbox 826 2556 961 2620; x_wconf 89' lang='lat' dir='ltr'><strong>audisset</strong></span> <span class='ocrx_word' id='word_1_184' title='bbox 976 2556 1062 2636; x_wconf 93' lang='lat' dir='ltr'><strong>quod</strong></span> <span class='ocrx_word' id='word_1_185' title='bbox 1080 2575 1157 2636; x_wconf 90' lang='lat' dir='ltr'><strong>puer</strong></span> <span class='ocrx_word' id='word_1_186' title='bbox 1172 2556 1315 2619; x_wconf 90' lang='lat' dir='ltr'><strong>nondum</strong></span> <span class='ocrx_word' id='word_1_187' title='bbox 1332 2555 1374 2618; x_wconf 92' lang='lat' dir='ltr'><strong>ad</strong></span> <span class='ocrx_word' id='word_1_188' title='bbox 1392 2553 1512 2615; x_wconf 87' lang='lat' dir='ltr'><strong>mortem</strong></span> 
     </span>
    </p>
   </div>
   <div class='ocr_carea' id='block_1_4' title="bbox 452 2644 1587 2724">
    <p class='ocr_par' dir='ltr' id='par_1_4' title="bbox 452 2644 1587 2724">
     <span class='ocr_line' id='line_1_24' title="bbox 452 2644 1587 2724; baseline -0.017 -13"><span class='ocrx_word' id='word_1_189' title='bbox 452 2646 570 2724; x_wconf 85' lang='lat' dir='ltr'><strong>positus</strong></span> <span class='ocrx_word' id='word_1_190' title='bbox 594 2645 708 2723; x_wconf 87' lang='lat' dir='ltr'><strong>luisset,</strong></span> <span class='ocrx_word' id='word_1_191' title='bbox 731 2645 818 2710; x_wconf 85' lang='lat' dir='ltr'><strong>fleuit</strong></span> <span class='ocrx_word' id='word_1_192' title='bbox 839 2663 942 2708; x_wconf 90' lang='lat' dir='ltr'><strong>amare</strong></span> <span class='ocrx_word' id='word_1_193' title='bbox 958 2650 987 2707; x_wconf 92' lang='lat' dir='ltr'><strong>et</strong></span> <span class='ocrx_word' id='word_1_194' title='bbox 1002 2645 1153 2709; x_wconf 90' lang='lat' dir='ltr'><strong>consolari</strong></span> <span class='ocrx_word' id='word_1_195' title='bbox 1179 2644 1312 2708; x_wconf 78' lang='lat' dir='ltr'><strong>nolebat.</strong></span> <span class='ocrx_word' id='word_1_196' title='bbox 1350 2644 1434 2708; x_wconf 90' lang='lat' dir='ltr'><strong>Cum</strong></span> <span class='ocrx_word' id='word_1_197' title='bbox 1457 2652 1511 2700; x_wconf 87' lang='lat' dir='ltr'><strong>nox</strong></span> <span class='ocrx_word' id='word_1_198' title='bbox 1586 2691 1587 2694; x_wconf 72' lang='grc'>,</span> 
     </span>
    </p>
   </div>
   <div class='ocr_carea' id='block_1_5' title="bbox 395 2731 1514 3618">
    <p class='ocr_par' dir='ltr' id='par_1_5' title="bbox 395 2731 1513 3172">
     <span class='ocr_line' id='line_1_25' title="bbox 395 2731 1512 2815; baseline -0.01 -19"><span class='ocrx_word' id='word_1_199' title='bbox 395 2750 437 2796; x_wconf 78' lang='lat' dir='ltr'><strong>asu</strong></span> <span class='ocrx_word' id='word_1_200' title='bbox 452 2734 578 2813; x_wconf 87' lang='lat' dir='ltr'><strong>adesset,</strong></span> <span class='ocrx_word' id='word_1_201' title='bbox 603 2734 768 2815; x_wconf 87' lang='lat' dir='ltr'><strong>imperator</strong></span> <span class='ocrx_word' id='word_1_202' title='bbox 790 2752 940 2798; x_wconf 88' lang='lat' dir='ltr'><strong>cameram</strong></span> <span class='ocrx_word' id='word_1_203' title='bbox 966 2735 1088 2797; x_wconf 90' lang='lat' dir='ltr'><strong>intrauit</strong></span> <span class='ocrx_word' id='word_1_204' title='bbox 1103 2738 1132 2798; x_wconf 86' lang='lat' dir='ltr'><strong>et</strong></span> <span class='ocrx_word' id='word_1_205' title='bbox 1147 2734 1372 2814; x_wconf 89' lang='lat' dir='ltr'><strong>imperatricem</strong></span> <span class='ocrx_word' id='word_1_206' title='bbox 1398 2731 1512 2794; x_wconf 87' lang='lat' dir='ltr'><strong>flentem</strong></span> 
     </span>
     <span class='ocr_line' id='line_1_26' title="bbox 451 2812 1513 2904; baseline -0.002 -20"><span class='ocrx_word' id='word_1_207' title='bbox 451 2822 576 2888; x_wconf 85' lang='lat' dir='ltr'><strong>inuenit</strong></span> <span class='ocrx_word' id='word_1_208' title='bbox 624 2826 659 2886; x_wconf 81' lang='lat' dir='ltr'><strong>Et</strong></span> <span class='ocrx_word' id='word_1_209' title='bbox 681 2824 733 2886; x_wconf 89' lang='lat' dir='ltr'><strong>ait:</strong></span> <span class='ocrx_word' id='word_1_210' title='bbox 767 2823 847 2889; x_wconf 74' lang='lat' dir='ltr'><strong>„Dic</strong></span> <span class='ocrx_word' id='word_1_211' title='bbox 870 2823 972 2901; x_wconf 90' lang='lat' dir='ltr'><strong>michi,</strong></span> <span class='ocrx_word' id='word_1_212' title='bbox 996 2822 1177 2899; x_wconf 84' lang='lat' dir='ltr'><strong>karrissima,</strong></span> <span class='ocrx_word' id='word_1_213' title='bbox 1201 2822 1244 2886; x_wconf 95' lang='lat' dir='ltr'><strong>ob</strong></span> <span class='ocrx_word' id='word_1_214' title='bbox 1267 2841 1364 2904; x_wconf 93' lang='lat' dir='ltr'><strong>quam</strong></span> <span class='ocrx_word' id='word_1_215' title='bbox 1390 2836 1453 2883; x_wconf 85' lang='lat' dir='ltr'><strong>rem</strong></span> <span class='ocrx_word' id='word_1_216' title='bbox 1475 2812 1513 2876; x_wconf 80' lang='lat' dir='ltr'><strong>sic</strong></span> 
     </span>
     <span class='ocr_line' id='line_1_27' title="bbox 450 2901 1513 3000; baseline -0.005 -27"><span class='ocrx_word' id='word_1_217' title='bbox 450 2911 597 2994; x_wconf 82' lang='lat' dir='ltr'><strong>affligitur</strong></span> <span class='ocrx_word' id='word_1_218' title='bbox 612 2913 715 2976; x_wconf 91' lang='lat' dir='ltr'><strong>anima</strong></span> <span class='ocrx_word' id='word_1_219' title='bbox 737 2914 821 2976; x_wconf 74' lang='lat' dir='ltr'><strong>tua!u</strong></span> <span class='ocrx_word' id='word_1_220' title='bbox 856 2913 897 2975; x_wconf 80' lang='lat' dir='ltr'><strong>nt</strong></span> <span class='ocrx_word' id='word_1_221' title='bbox 912 2913 974 2975; x_wconf 90' lang='lat' dir='ltr'><strong>illa:</strong></span> <span class='ocrx_word' id='word_1_222' title='bbox 1002 2914 1136 2978; x_wconf 77' lang='lat' dir='ltr'><strong>„Nonne</strong></span> <span class='ocrx_word' id='word_1_223' title='bbox 1151 2913 1205 2976; x_wconf 92' lang='lat' dir='ltr'><strong>tibi</strong></span> <span class='ocrx_word' id='word_1_224' title='bbox 1222 2916 1340 2976; x_wconf 86' lang='lat' dir='ltr'><strong>constat</strong></span> <span class='ocrx_word' id='word_1_225' title='bbox 1356 2901 1513 3000; x_wconf 69' lang='lat' dir='ltr'><strong>quomodo</strong></span> 
     </span>
     <span class='ocr_line' id='line_1_28' title="bbox 450 2991 1512 3082; baseline -0.003 -20"><span class='ocrx_word' id='word_1_226' title='bbox 450 3000 535 3066; x_wconf 87' lang='lat' dir='ltr'><strong>iilius</strong></span> <span class='ocrx_word' id='word_1_227' title='bbox 557 3008 628 3066; x_wconf 90' lang='lat' dir='ltr'><strong>tuus</strong></span> <span class='ocrx_word' id='word_1_228' title='bbox 652 3001 830 3065; x_wconf 89' lang='lat' dir='ltr'><strong>maledictus</strong></span> <span class='ocrx_word' id='word_1_229' title='bbox 853 3020 903 3064; x_wconf 92' lang='lat' dir='ltr'><strong>me</strong></span> <span class='ocrx_word' id='word_1_230' title='bbox 926 3001 1122 3064; x_wconf 88' lang='lat' dir='ltr'><strong>dilacerauit?</strong></span> <span class='ocrx_word' id='word_1_231' title='bbox 1162 3001 1291 3082; x_wconf 89' lang='lat' dir='ltr'><strong>Propter</strong></span> <span class='ocrx_word' id='word_1_232' title='bbox 1314 3000 1405 3082; x_wconf 92' lang='lat' dir='ltr'><strong>quod</strong></span> <span class='ocrx_word' id='word_1_233' title='bbox 1430 2991 1512 3059; x_wconf 75' lang='lat' dir='ltr'><strong>mich!</strong></span> 
     </span>
     <span class='ocr_line' id='line_1_29' title="bbox 451 3088 1513 3172; baseline -0.003 -19"><span class='ocrx_word' id='word_1_234' title='bbox 451 3089 552 3155; x_wconf 88' lang='lat' dir='ltr'><strong>dixisti</strong></span> <span class='ocrx_word' id='word_1_235' title='bbox 576 3092 663 3172; x_wconf 92' lang='lat' dir='ltr'><strong>quod</strong></span> <span class='ocrx_word' id='word_1_236' title='bbox 687 3096 864 3169; x_wconf 89' lang='lat' dir='ltr'><strong>moreretur,</strong></span> <span class='ocrx_word' id='word_1_237' title='bbox 889 3095 918 3154; x_wconf 89' lang='lat' dir='ltr'><strong>et</strong></span> <span class='ocrx_word' id='word_1_238' title='bbox 933 3091 1034 3154; x_wconf 91' lang='lat' dir='ltr'><strong>adhuc</strong></span> <span class='ocrx_word' id='word_1_239' title='bbox 1057 3091 1163 3153; x_wconf 79' lang='lat' dir='ltr'><strong>vluit.¹¹</strong></span> <span class='ocrx_word' id='word_1_240' title='bbox 1199 3091 1239 3153; x_wconf 85' lang='lat' dir='ltr'><strong>At</strong></span> <span class='ocrx_word' id='word_1_241' title='bbox 1261 3090 1324 3153; x_wconf 90' lang='lat' dir='ltr'><strong>ille:</strong></span> <span class='ocrx_word' id='word_1_242' title='bbox 1352 3088 1452 3156; x_wconf 76' lang='lat' dir='ltr'><strong>„eras</strong></span> <span class='ocrx_word' id='word_1_243' title='bbox 1466 3095 1513 3163; x_wconf 74' lang='lat' dir='ltr'><strong>per</strong></span> 
     </span>
    </p>

    <p class='ocr_par' dir='ltr' id='par_1_6' title="bbox 396 3169 1514 3618">
     <span class='ocr_line' id='line_1_30' title="bbox 396 3169 1514 3268; baseline 0.002 -28"><span class='ocrx_word' id='word_1_244' title='bbox 396 3193 438 3240; x_wconf 77' lang='lat' dir='ltr'><strong>aas</strong></span> <span class='ocrx_word' id='word_1_245' title='bbox 453 3178 601 3243; x_wconf 92' lang='lat' dir='ltr'><strong>iudicium</strong></span> <span class='ocrx_word' id='word_1_246' title='bbox 626 3181 785 3258; x_wconf 89' lang='lat' dir='ltr'><strong>morietur;</strong></span> <span class='ocrx_word' id='word_1_247' title='bbox 817 3186 846 3244; x_wconf 92' lang='lat' dir='ltr'><strong>et</strong></span> <span class='ocrx_word' id='word_1_248' title='bbox 868 3181 929 3243; x_wconf 89' lang='lat' dir='ltr'><strong>hoc</strong></span> <span class='ocrx_word' id='word_1_249' title='bbox 956 3183 1000 3242; x_wconf 90' lang='lat' dir='ltr'><strong>est</strong></span> <span class='ocrx_word' id='word_1_250' title='bbox 1028 3180 1137 3242; x_wconf 89' lang='lat' dir='ltr'><strong>melius</strong></span> <span class='ocrx_word' id='word_1_251' title='bbox 1169 3197 1226 3260; x_wconf 94' lang='lat' dir='ltr'><strong>pro</strong></span> <span class='ocrx_word' id='word_1_252' title='bbox 1250 3198 1299 3242; x_wconf 91' lang='lat' dir='ltr'><strong>me</strong></span> <span class='ocrx_word' id='word_1_253' title='bbox 1323 3184 1353 3242; x_wconf 87' lang='lat' dir='ltr'><strong>el</strong></span> <span class='ocrx_word' id='word_1_254' title='bbox 1377 3184 1435 3242; x_wconf 80' lang='lat' dir='ltr'><strong>te.¹‘</strong></span> <span class='ocrx_word' id='word_1_255' title='bbox 1481 3169 1514 3268; x_wconf 55' lang='lat' dir='ltr'><strong>A}</strong></span> 
     </span>
     <span class='ocr_line' id='line_1_31' title="bbox 451 3259 1512 3348; baseline 0.001 -18"><span class='ocrx_word' id='word_1_256' title='bbox 451 3268 514 3331; x_wconf 94' lang='lat' dir='ltr'><strong>illa:</strong></span> <span class='ocrx_word' id='word_1_257' title='bbox 548 3269 599 3334; x_wconf 72' lang='lat' dir='ltr'><strong>„O</strong></span> <span class='ocrx_word' id='word_1_258' title='bbox 623 3269 758 3348; x_wconf 92' lang='lat' dir='ltr'><strong>domine,</strong></span> <span class='ocrx_word' id='word_1_259' title='bbox 787 3269 878 3333; x_wconf 90' lang='lat' dir='ltr'><strong>debet</strong></span> <span class='ocrx_word' id='word_1_260' title='bbox 900 3274 961 3333; x_wconf 87' lang='lat' dir='ltr'><strong>tam</strong></span> <span class='ocrx_word' id='word_1_261' title='bbox 985 3268 1039 3332; x_wconf 92' lang='lat' dir='ltr'><strong>diu</strong></span> <span class='ocrx_word' id='word_1_262' title='bbox 1063 3268 1189 3332; x_wconf 88' lang='lat' dir='ltr'><strong>viuere?</strong></span> <span class='ocrx_word' id='word_1_263' title='bbox 1235 3269 1335 3331; x_wconf 83' lang='lat' dir='ltr'><strong>Amen</strong></span> <span class='ocrx_word' id='word_1_264' title='bbox 1360 3268 1434 3332; x_wconf 92' lang='lat' dir='ltr'><strong>dico</strong></span> <span class='ocrx_word' id='word_1_265' title='bbox 1456 3259 1512 3331; x_wconf 76' lang='lat' dir='ltr'><strong>tibi</strong></span> 
     </span>
     <span class='ocr_line' id='line_1_32' title="bbox 450 3357 1514 3445; baseline -0.004 -26"><span class='ocrx_word' id='word_1_266' title='bbox 450 3357 545 3420; x_wconf 92' lang='lat' dir='ltr'><strong>timeo</strong></span> <span class='ocrx_word' id='word_1_267' title='bbox 569 3359 655 3437; x_wconf 93' lang='lat' dir='ltr'><strong>quod</strong></span> <span class='ocrx_word' id='word_1_268' title='bbox 679 3360 836 3438; x_wconf 82' lang='lat' dir='ltr'><strong>contingat</strong></span> <span class='ocrx_word' id='word_1_269' title='bbox 857 3359 898 3422; x_wconf 92' lang='lat' dir='ltr'><strong>de</strong></span> <span class='ocrx_word' id='word_1_270' title='bbox 920 3365 948 3422; x_wconf 87' lang='lat' dir='ltr'><strong>te</strong></span> <span class='ocrx_word' id='word_1_271' title='bbox 972 3357 1062 3421; x_wconf 90' lang='lat' dir='ltr'><strong>etde</strong></span> <span class='ocrx_word' id='word_1_272' title='bbox 1086 3377 1133 3436; x_wconf 87' lang='lat' dir='ltr'><strong>e0,</strong></span> <span class='ocrx_word' id='word_1_273' title='bbox 1161 3357 1239 3422; x_wconf 91' lang='lat' dir='ltr'><strong>sicut</strong></span> <span class='ocrx_word' id='word_1_274' title='bbox 1260 3357 1423 3438; x_wconf 90' lang='lat' dir='ltr'><strong>quondam</strong></span> <span class='ocrx_word' id='word_1_275' title='bbox 1447 3366 1514 3445; x_wconf 62' lang='lat' dir='ltr'><strong>conj</strong></span> 
     </span>
     <span class='ocr_line' id='line_1_33' title="bbox 436 3437 1512 3529; baseline -0.003 -21"><span class='ocrx_word' id='word_1_276' title='bbox 436 3446 587 3526; x_wconf 84' lang='lat' dir='ltr'><strong>&#39;tingebat</strong></span> <span class='ocrx_word' id='word_1_277' title='bbox 609 3446 648 3510; x_wconf 91' lang='lat' dir='ltr'><strong>de</strong></span> <span class='ocrx_word' id='word_1_278' title='bbox 673 3448 745 3528; x_wconf 88' lang='lat' dir='ltr'><strong>pina</strong></span> <span class='ocrx_word' id='word_1_279' title='bbox 768 3453 796 3511; x_wconf 91' lang='lat' dir='ltr'><strong>et</strong></span> <span class='ocrx_word' id='word_1_280' title='bbox 819 3448 959 3529; x_wconf 79' lang='lat' dir='ltr'><strong>pinella¹¹</strong></span> <span class='ocrx_word' id='word_1_281' title='bbox 1000 3448 1039 3510; x_wconf 83' lang='lat' dir='ltr'><strong>At</strong></span> <span class='ocrx_word' id='word_1_282' title='bbox 1063 3447 1126 3511; x_wconf 90' lang='lat' dir='ltr'><strong>ille:</strong></span> <span class='ocrx_word' id='word_1_283' title='bbox 1158 3446 1267 3527; x_wconf 69' lang='lat' dir='ltr'><strong>„Rogo</strong></span> <span class='ocrx_word' id='word_1_284' title='bbox 1290 3450 1327 3521; x_wconf 88' lang='lat' dir='ltr'><strong>te,</strong></span> <span class='ocrx_word' id='word_1_285' title='bbox 1351 3446 1404 3510; x_wconf 92' lang='lat' dir='ltr'><strong>dic</strong></span> <span class='ocrx_word' id='word_1_286' title='bbox 1426 3437 1512 3505; x_wconf 70' lang='lat' dir='ltr'><strong>michi</strong></span> 
     </span>
     <span class='ocr_line' id='line_1_34' title="bbox 452 3534 1320 3618; baseline 0.001 -21"><span class='ocrx_word' id='word_1_287' title='bbox 452 3534 526 3598; x_wconf 90' lang='lat' dir='ltr'><strong>illud</strong></span> <span class='ocrx_word' id='word_1_288' title='bbox 552 3537 761 3618; x_wconf 78' lang='lat' dir='ltr'><strong>exemplum!u</strong></span> <span class='ocrx_word' id='word_1_289' title='bbox 809 3538 849 3600; x_wconf 83' lang='lat' dir='ltr'><strong>nt</strong></span> <span class='ocrx_word' id='word_1_290' title='bbox 871 3538 934 3600; x_wconf 92' lang='lat' dir='ltr'><strong>illa:</strong></span> <span class='ocrx_word' id='word_1_291' title='bbox 962 3537 1047 3603; x_wconf 71' lang='lat' dir='ltr'><strong>„fiat</strong></span> <span class='ocrx_word' id='word_1_292' title='bbox 1069 3537 1212 3600; x_wconf 88' lang='lat' dir='ltr'><strong>uoluntas</strong></span> <span class='ocrx_word' id='word_1_293' title='bbox 1234 3536 1320 3598; x_wconf 77' lang='lat' dir='ltr'><strong>tual‘¹</strong></span> 
     </span>
    </p>
   </div>
   <div class='ocr_carea' id='block_1_6' title="bbox 635 3732 1337 3926">
    <p class='ocr_par' dir='ltr' id='par_1_7' title="bbox 635 3732 1337 3926">
     <span class='ocr_line' id='line_1_35' title="bbox 635 3732 1337 3815; baseline 0 -20"><span class='ocrx_word' id='word_1_294' title='bbox 635 3734 737 3797; x_wconf 87' lang='lat' dir='ltr'><strong>Prima</strong></span> <span class='ocrx_word' id='word_1_295' title='bbox 760 3734 892 3797; x_wconf 89' lang='lat' dir='ltr'><strong>narratio</strong></span> <span class='ocrx_word' id='word_1_296' title='bbox 917 3733 1114 3815; x_wconf 89' lang='lat' dir='ltr'><strong>imperatricis</strong></span> <span class='ocrx_word' id='word_1_297' title='bbox 1138 3733 1197 3813; x_wconf 80' lang='lat' dir='ltr'><strong>(Bi.</strong></span> <span class='ocrx_word' id='word_1_298' title='bbox 1226 3732 1337 3811; x_wconf 74' lang='lat' dir='ltr'><strong>illu).</strong></span> 
     </span>
     <span class='ocr_line' id='line_1_36' title="bbox 925 3853 1043 3926; baseline 0 -16"><span class='ocrx_word' id='word_1_299' title='bbox 925 3853 1043 3926; x_wconf 79' lang='lat' dir='ltr'><strong>[Arbon]</strong></span> 
     </span>
    </p>
   </div>
   <div class='ocr_carea' id='block_1_7' title="bbox 386 3980 1511 4327">
    <p class='ocr_par' dir='ltr' id='par_1_8' title="bbox 386 3980 1511 4327">
     <span class='ocr_line' id='line_1_37' title="bbox 397 3980 1511 4062; baseline -0.004 -18"><span class='ocrx_word' id='word_1_300' title='bbox 397 4008 438 4054; x_wconf 58' lang='grc' dir='ltr'><strong>ῃ)</strong></span> <span class='ocrx_word' id='word_1_301' title='bbox 544 3983 612 4044; x_wconf 82' lang='lat' dir='ltr'><strong>Erat</strong></span> <span class='ocrx_word' id='word_1_302' title='bbox 642 3983 767 4061; x_wconf 91' lang='lat' dir='ltr'><strong>quidam</strong></span> <span class='ocrx_word' id='word_1_303' title='bbox 800 3983 963 4062; x_wconf 88' lang='lat' dir='ltr'><strong>burgensis</strong></span> <span class='ocrx_word' id='word_1_304' title='bbox 994 3982 1025 4046; x_wconf 93' lang='lat' dir='ltr'><strong>in</strong></span> <span class='ocrx_word' id='word_1_305' title='bbox 1056 3982 1172 4045; x_wconf 91' lang='lat' dir='ltr'><strong>civitate</strong></span> <span class='ocrx_word' id='word_1_306' title='bbox 1203 3980 1309 4058; x_wconf 84' lang='lat' dir='ltr'><strong>Roma,</strong></span> <span class='ocrx_word' id='word_1_307' title='bbox 1338 3980 1392 4061; x_wconf 93' lang='lat' dir='ltr'><strong>qui</strong></span> <span class='ocrx_word' id='word_1_308' title='bbox 1416 3981 1511 4042; x_wconf 83' lang='lat' dir='ltr'><strong>ortum</strong></span> 
     </span>
     <span class='ocr_line' id='line_1_38' title="bbox 386 4065 1510 4154; baseline -0.011 -18"><span class='ocrx_word' id='word_1_309' title='bbox 386 4146 391 4154; x_wconf 46' lang='grc'><strong>,</strong></span> <span class='ocrx_word' id='word_1_310' title='bbox 453 4071 694 4154; x_wconf 90' lang='lat' dir='ltr'><strong>pulcherrimum</strong></span> <span class='ocrx_word' id='word_1_311' title='bbox 719 4071 856 4135; x_wconf 92' lang='lat' dir='ltr'><strong>habebat.</strong></span> <span class='ocrx_word' id='word_1_312' title='bbox 915 4071 948 4132; x_wconf 93' lang='lat' dir='ltr'><strong>ln</strong></span> <span class='ocrx_word' id='word_1_313' title='bbox 972 4089 1037 4150; x_wconf 95' lang='lat' dir='ltr'><strong>quo</strong></span> <span class='ocrx_word' id='word_1_314' title='bbox 1060 4074 1129 4135; x_wconf 91' lang='lat' dir='ltr'><strong>orto</strong></span> <span class='ocrx_word' id='word_1_315' title='bbox 1152 4074 1214 4134; x_wconf 87' lang='lat' dir='ltr'><strong>erat</strong></span> <span class='ocrx_word' id='word_1_316' title='bbox 1237 4070 1309 4150; x_wconf 94' lang='lat' dir='ltr'><strong>pina</strong></span> <span class='ocrx_word' id='word_1_317' title='bbox 1333 4070 1350 4132; x_wconf 91' lang='lat' dir='ltr'><strong>i.</strong></span> <span class='ocrx_word' id='word_1_318' title='bbox 1375 4088 1402 4132; x_wconf 91' lang='lat' dir='ltr'><strong>e.</strong></span> <span class='ocrx_word' id='word_1_319' title='bbox 1425 4065 1510 4130; x_wconf 89' lang='lat' dir='ltr'><strong>arbor</strong></span> 
     </span>
     <span class='ocr_line' id='line_1_39' title="bbox 453 4151 1510 4242; baseline -0.014 -16"><span class='ocrx_word' id='word_1_320' title='bbox 453 4161 575 4241; x_wconf 90' lang='lat' dir='ltr'><strong>nobilis,</strong></span> <span class='ocrx_word' id='word_1_321' title='bbox 599 4179 660 4240; x_wconf 93' lang='lat' dir='ltr'><strong>que</strong></span> <span class='ocrx_word' id='word_1_322' title='bbox 683 4161 813 4242; x_wconf 82' lang='lat' dir='ltr'><strong>singulis</strong></span> <span class='ocrx_word' id='word_1_323' title='bbox 833 4159 923 4222; x_wconf 91' lang='lat' dir='ltr'><strong>annis</strong></span> <span class='ocrx_word' id='word_1_324' title='bbox 943 4160 1076 4222; x_wconf 85' lang='lat' dir='ltr'><strong>fructum</strong></span> <span class='ocrx_word' id='word_1_325' title='bbox 1092 4158 1262 4220; x_wconf 89' lang='lat' dir='ltr'><strong>virtuosum</strong></span> <span class='ocrx_word' id='word_1_326' title='bbox 1280 4156 1468 4237; x_wconf 85' lang='lat' dir='ltr'><strong>producebat</strong></span> <span class='ocrx_word' id='word_1_327' title='bbox 1483 4151 1510 4213; x_wconf 92' lang='lat' dir='ltr'><strong>in</strong></span> 
     </span>
     <span class='ocr_line' id='line_1_40' title="bbox 451 4240 1509 4327; baseline -0.011 -14"><span class='ocrx_word' id='word_1_328' title='bbox 451 4256 532 4313; x_wconf 86' lang='lat' dir='ltr'><strong>tanta</strong></span> <span class='ocrx_word' id='word_1_329' title='bbox 554 4252 671 4326; x_wconf 86' lang='lat' dir='ltr'><strong>virtute,</strong></span> <span class='ocrx_word' id='word_1_330' title='bbox 695 4251 789 4327; x_wconf 93' lang='lat' dir='ltr'><strong>quod,</strong></span> <span class='ocrx_word' id='word_1_331' title='bbox 814 4248 1003 4324; x_wconf 89' lang='lat' dir='ltr'><strong>quicumque</strong></span> <span class='ocrx_word' id='word_1_332' title='bbox 1027 4245 1169 4304; x_wconf 80' lang='lat' dir='ltr'><strong>infirmus</strong></span> <span class='ocrx_word' id='word_1_333' title='bbox 1192 4249 1318 4322; x_wconf 89' lang='lat' dir='ltr'><strong>excepto</strong></span> <span class='ocrx_word' id='word_1_334' title='bbox 1339 4245 1461 4326; x_wconf 88' lang='lat' dir='ltr'><strong>leproso</strong></span> <span class='ocrx_word' id='word_1_335' title='bbox 1475 4240 1509 4302; x_wconf 90' lang='lat' dir='ltr'><strong>de</strong></span> 
     </span>
    </p>
   </div>
   <div class='ocr_carea' id='block_1_8' title="bbox 0 0 1774 5025">
    <p class='ocr_par' dir='ltr' id='par_1_9' title="bbox 0 0 1774 5025">
     <span class='ocr_line' id='line_1_41' title="bbox 0 0 1774 5025; baseline 0 0"><span class='ocrx_word' id='word_1_336' title='bbox 0 0 1774 5025; x_wconf 95' lang='lat' dir='ltr'><strong> </strong></span> 
     </span>
    </p>
   </div>
  </div>
 </body>
</html>
