3525 5025
827 521 1071 584 -154-

418 698 566 774 solebant,
590 697 729 779 premisit
750 702 779 761 et
801 698 841 760 ita
863 697 904 760 de
927 697 1017 761 exilio
1042 698 1143 760 locum
1160 717 1305 761 amenum
1321 699 1491 775 constituit,

418 793 449 851 et
471 805 537 864 nos,
568 788 623 867 qui
651 790 873 867 postmortem
903 804 967 849 non
996 786 1165 868 poterimus
1187 787 1327 865 villicare,
1359 787 1492 867 permit-

418 881 519 940 tamus
540 881 610 939 ante
639 875 747 939 taciem
779 879 914 939 nostram
938 893 1032 956 opera
1062 879 1164 939 sancta
1193 877 1431 940 conversationis
1457 881 1493 939 et

365 983 392 1028 rs
419 964 689 1028 misericordie..
714 1011 754 1028 ..

804 1115 833 1169 2.
870 1107 924 1187 [=
948 1107 1009 1170 uo.
1034 1107 1096 1186 zor

507 1232 571 1308 Qui
602 1232 695 1314 igitur
730 1251 823 1313 prave
851 1232 1083 1296 consuetudinis
1117 1234 1289 1313 corruptela
1323 1237 1351 1295 et
1381 1232 1493 1294 multi·
1609 1231 1610 1302 i

417 1321 534 1385 tudinis
562 1321 705 1402 exemplo
735 1321 942 1402 decipiuntur,
973 1320 1089 1384 similes
1118 1325 1190 1384 sunt
1218 1321 1339 1385 cuidam
1371 1322 1493 1384 rustico
1609 1383 1610 1398 ,

418 1411 482 1491 qui,
513 1410 589 1472 dum
612 1427 728 1491 agnum
753 1414 887 1490 portaret
908 1409 946 1472 ad
970 1410 1178 1487 vendendum,
1211 1410 1336 1490 quidam
1360 1411 1493 1490 trupha-
1609 1409 1610 1484 i

418 1506 468 1564 tor
495 1500 538 1562 ait
565 1499 658 1562 sociis
689 1499 765 1562 suis:
804 1499 922 1563 „Facite
956 1500 1042 1578 quod
1070 1499 1170 1562 dicam
1205 1499 1296 1563 vobis
1330 1504 1359 1562 et
1392 1500 1494 1579 gratis
1609 1491 1610 1506 ¹

364 1605 392 1651 ao
419 1588 603 1653 habebimus
624 1605 741 1668 agnum
764 1587 881 1651 illum.u
931 1589 968 1651 Et
989 1589 1092 1668 posuit
1114 1607 1169 1652 eos
1192 1589 1223 1650 in
1256 1588 1387 1652 diversis
1410 1588 1494 1652 locis
1609 1595 1610 1634 l

417 1677 593 1758 separatim,
627 1695 726 1740 unum
759 1681 829 1758 post
857 1694 964 1739 unum.
1010 1677 1200 1740 Transeunte
1228 1681 1330 1740 autem
1363 1678 1491 1755 rustic0,

419 1767 538 1848 primus
559 1767 613 1829 ait:
647 1767 782 1844 »ΗοῐῐιοΙ
812 1766 860 1828 vis
890 1766 1022 1829 vendere
1053 1784 1159 1828 canem
1191 1766 1320 1829 illum?¹‘
1370 1766 1409 1829 nt
1436 1766 1492 1830 ille

418 1873 476 1937 pro
500 1855 630 1918 minimo
653 1855 802 1936 repumvit
822 1860 851 1917 et
873 1855 1027 1936 processit
1060 1853 1142 1918 Cum
1167 1859 1267 1918 autem
1291 1856 1410 1919 veniret
1433 1855 1492 1919 ubi
1609 1881 1610 1898 ³

417 1945 496 2008 alius
528 1944 631 2020 stabat,
663 1944 739 2006 dixit
769 1944 831 2007 ille:
867 1944 997 2022 „Frateq
1028 1944 1075 2006 vis
1106 1944 1182 2006 mihi
1213 1943 1346 2007 vendere
1378 1963 1490 2008 canem
1609 1955 1610 1974 ¹

363 2049 392 2096 an
419 2033 548 2096 illum?‘⁴
584 2033 750 2110 ,Domine
774 2033 866 2096 volite
890 2051 940 2096 me
963 2032 1096 2109 irridere,
1121 2050 1185 2096 non
1209 2033 1275 2096 tero
1299 2051 1407 2096 canem
1432 2033 1491 2097 sed

418 2137 562 2202 agnum
611 2121 693 2185 Cum
717 2126 818 2184 autem
850 2122 932 2184 idem
956 2122 1066 2184 tercius
1088 2121 1221 2198 dixisset,
1252 2123 1332 2202 cepit
1354 2123 1492 2186 rusticus
1609 2125 1610 2200 l

417 2211 539 2274 amirari
578 2215 606 2274 et
644 2211 831 2274 erubescere.
889 2210 1008 2284 Quarto
1046 2215 1146 2273 autem
1186 2216 1215 2273 et
1253 2211 1363 2291 quinto
1402 2212 1492 2275 idem
1609 2203 1610 2258 l

418 2299 599 2378 dicentibus,
623 2299 766 2379 cogitavit
787 2300 866 2362 inter
889 2319 921 2362 se
944 2299 1018 2379 quid
1045 2301 1104 2363 hoc
1120 2317 1186 2363 esse
1209 2305 1313 2380 posset
1335 2301 1424 2380 quod
1444 2306 1492 2365 tot

419 2389 561 2453 homines
584 2389 616 2451 in
640 2389 701 2453 hoc
723 2388 952 2452 concordabant
981 2388 1067 2468 quod
1091 2407 1196 2451 canem
1221 2394 1251 2451 et
1280 2407 1344 2452 non
1367 2407 1490 2469 agnum
1609 2405 1610 2466 ,

364 2493 391 2540 so
419 2481 559 2560 portaret,
583 2484 612 2541 et
634 2478 756 2542 tandem
781 2478 983 2559 opinionibus
1006 2477 1175 2541 multorum
1198 2478 1403 2558 acquiescens,
1432 2479 1490 2543 ait:
1609 2487 1610 2565 3

421 2568 536 2633 „Novit
560 2569 647 2631 Deus
676 2568 750 2647 quia
776 2567 938 2631 credebam
964 2567 1049 2647 quod
1082 2571 1160 2631 esset
1188 2586 1295 2648 agnus,
1326 2568 1382 2632 sed
1413 2568 1492 2648 quia
1609 2582 1610 2631 3

418 2657 502 2719 canis
524 2663 569 2719 est
591 2655 630 2719 de
653 2661 752 2720 cetero
776 2675 841 2720 non
865 2656 995 2737 portabo
1019 2656 1139 2733 illum;“
1174 2661 1210 2734 et,
1234 2656 1371 2737 proiecto
1394 2675 1492 2737 agno,

419 2746 549 2809 recessit.
595 2745 634 2808 Αἰ
657 2745 699 2807 illi
723 2746 859 2808 tulerunt
881 2764 952 2808 eum
977 2749 1006 2808 et
1028 2744 1237 2809 comederunt.

808 2894 836 2951 3.
871 2888 924 2969 [=
950 2888 1008 2950 No.
1034 2887 1097 2966 28.]

508 3013 584 3076 Vani
613 3016 684 3075 sunt
714 3011 872 3092 [magistri]
898 3016 928 3074 et
954 3011 1125 3091 singulares
1154 3011 1208 3091 qui
1232 3028 1313 3074 nova
1343 3014 1371 3073 et
1399 3010 1490 3073 inau—

364 3118 392 3164 ss
418 3103 479 3165 dita
513 3101 692 3165 adinvenire
723 3101 872 3180 nituntur,
908 3101 1055 3181 probatos
1085 3105 1114 3163 et
1142 3100 1288 3179 antiquos
1322 3099 1489 3179 magistros
1609 3096 1610 3149 l

418 3191 505 3270 sequi
545 3191 695 3268 nolentes,
734 3208 805 3253 cum
843 3194 945 3251 tamen
985 3189 1178 3253 Ecclesiastes
1212 3188 1302 3266 dicat,
1341 3188 1487 3270 xxxi[x].:
1609 3190 1610 3241 l

422 3279 648 3359 „antiquorum
687 3281 826 3359 exquiret
862 3278 1013 3359 sapiens.“
1075 3278 1123 3341 lsti
1150 3282 1252 3341 autem
1294 3278 1325 3341 in
1365 3278 1489 3357 magnis
1609 3308 1610 3343 ;

418 3368 577 3431 ambulant
598 3373 628 3432 et
650 3368 681 3430 in
707 3368 900 3431 mirabilibus
922 3386 1016 3448 super
1038 3385 1080 3431 se.
1127 3368 1159 3429 ln
1185 3367 1306 3447 magnis
1327 3367 1490 3430 ambulant

418 3457 472 3536 qui
496 3457 629 3537 cogitant
651 3456 814 3537 quomodo
846 3458 877 3519 in
909 3458 970 3520 hoc
999 3458 1103 3520 seculo
1133 3456 1237 3535 magni
1265 3455 1435 3520 habeantur
1459 3460 1490 3519 et
1609 3494 1610 3503 κ

364 3564 391 3609 40
418 3546 618 3625 dignitatibus
640 3547 823 3610 attollantur.
870 3547 903 3609 ln
928 3545 1120 3609 mirabilibus
1151 3564 1245 3626 super
1273 3563 1306 3608 se
1328 3544 1490 3609 ambulant
1609 3538 1610 3555 ¹

418 3634 472 3714 qui
496 3635 629 3714 cogitant
652 3636 781 3716 qualiter
795 3635 893 3699 lacere
909 3634 1028 3716 possint
1043 3634 1090 3698 vel
1106 3634 1207 3698 dicere
1223 3639 1325 3698 utrum
1343 3634 1489 3698 homines

417 3723 1488 3806 ammirentur.Verumplerumquenovaetinauditalingunt,quibus,
1609 3796 1610 3815 χ

418 3810 486 3873 licet
497 3811 687 3876 incredibilia
698 3814 766 3891 sint,
779 3812 873 3876 tidem
887 3813 1035 3877 adhibent
1042 3813 1154 3877 curiosi
1167 3817 1196 3875 et
1206 3812 1309 3876 stolidi
1321 3811 1489 3891 auditores,

418 3899 533 3962 similes
556 3901 677 3963 cuidam
701 3902 821 3964 homini
845 3903 908 3981 qui,
925 3920 995 3965 cum
1013 3903 1142 3984 cepisset
1161 3901 1389 3983 phylomenam,
1411 3901 1490 3965 dixit
1609 3886 1610 3955 ἶ

363 4006 392 4053 45
418 3989 445 4052 ei
462 3987 660 4069 phylomena:
680 3990 746 4054 „Tu
760 3990 846 4052 vides
857 4008 951 4069 quam
964 3990 1054 4053 valde
1064 4009 1134 4054 sum
1147 4008 1248 4071 parva,
1264 3990 1289 4053 si
1302 4007 1351 4052 me
1364 3989 1489 4054 occidas

418 4083 447 4141 et
470 4077 646 4141 commedas
677 4095 740 4141 non
766 4078 896 4140 multum
927 4079 1092 4142 comedum
1123 4078 1302 4159 assequeris,
1334 4078 1360 4141 si
1383 4083 1487 4143 autem
1609 4086 1610 4109 ¹

421 4168 474 4246 [io.
499 4166 578 4247 31¹⁰]
604 4165 688 4229 abire
712 4185 762 4229 me
785 4166 983 4245 permisseris,
1014 4167 1136 4231 docebo
1165 4172 1194 4230 te
1221 4166 1400 4247 sapientiam
1425 4186 1488 4248 que
1609 4192 1610 4209 ¹

418 4254 565 4335 prodesse
588 4254 642 4315 tibi
667 4253 797 4313 multum
821 4252 961 4328 poterit«
1009 4253 1049 4312 At
1072 4254 1134 4314 ille:
1164 4256 1270 4317 “Doce
1293 4273 1342 4317 me
1366 4260 1395 4317 et
1418 4274 1488 4337 per.
1609 4256 1610 4303 ὲ
