3525 5025
673 510 894 571 ,57-

263 685 402 749 medicum
433 685 465 748 in
497 686 646 749 omnibus
670 686 769 764 rebus,
800 690 829 748 et
857 684 1020 748 honoravit
1049 686 1151 766 ipsum
1183 685 1260 749 dans
1287 685 1315 749 ei

262 774 364 837 bonam
387 775 665 837 remunerationem
681 774 712 836 in
729 774 859 855 pecunia
874 779 905 837 et
919 774 1114 837 vestimentis.
1144 775 1180 837 Et
1194 780 1316 855 accepta

263 863 400 927 medicina
422 864 558 927 exhibita
588 864 645 927 fuit
668 864 729 926 filie
753 864 843 943 regis.
891 862 1095 927 Postmodum
1119 881 1193 927 vero
1222 863 1317 927 incisa

263 958 325 1014 sunt
345 953 452 1016 exinde
474 954 591 1016 viscera
614 953 687 1029 eius,
711 956 740 1015 et
763 957 884 1016 mortua
906 956 959 1016 est
999 953 1035 1015 Et
1049 952 1158 1015 videns
1181 952 1241 1016 hoe
1254 970 1315 1031 rex,

219 1058 252 1103 nn
265 1042 405 1104 mandavit
426 1042 492 1121 capi
517 1042 604 1104 illum
628 1046 658 1104 et
679 1041 816 1105 exhiberi
840 1042 867 1105 ei
892 1041 931 1104 de
954 1041 1061 1105 eadem
1086 1041 1245 1106 medicina.
1282 1042 1317 1105 Et

264 1130 362 1193 factum
385 1135 429 1195 eet
451 1132 478 1193 ei
502 1131 581 1194 sicut
604 1149 656 1193 rex
680 1130 835 1194 mandavit
857 1134 887 1194 et
907 1134 1048 1193 mortuus
1063 1134 1108 1194 est
1129 1130 1219 1193 etiam
1244 1147 1315 1193 eum

264 1219 327 1299 ipsa.
371 1220 420 1284 Sic
442 1220 493 1282 illa
517 1220 668 1300 imperitia
690 1219 798 1283 cecidit
820 1237 913 1300 super
936 1219 1122 1301 imperitum.

629 1370 678 1425 to.
717 1362 771 1442 [=
794 1362 824 1425 s.
852 1361 934 1441 raa]

342 1482 507 1572 loicunmr
530 1487 742 1566 supervenisse
765 1486 888 1549 cuidam
919 1485 1028 1549 civitati
1060 1486 1187 1550 nomine
1210 1486 1316 1549 Merva

264 1574 390 1639 inimicos
413 1576 466 1656 qui
491 1594 562 1638 cum
587 1576 737 1656 cepissent
759 1593 868 1638 eorum
894 1575 1038 1639 mulieres
1053 1578 1083 1637 et
1097 1574 1317 1639 interfecissent

219 1664 336 1727 mviros
356 1663 525 1727 diviserunt
552 1665 630 1727 inter
652 1682 685 1727 se
708 1664 859 1741 mulieres,
892 1669 922 1728 et
943 1664 1067 1727 advenit
1088 1669 1170 1727 sorte
1192 1664 1315 1728 cuidam

264 1769 358 1814 eorum
387 1754 550 1829 bubulcus,
581 1753 659 1817 duas
686 1753 804 1817 habens
834 1771 956 1817 uxores.
1005 1754 1136 1817 Etcum
1169 1757 1317 1834 patronus

263 1858 357 1903 eorum
377 1842 528 1923 affligeret
542 1847 571 1905 et
586 1846 760 1905 extenuaret
775 1860 825 1906 eas
844 1842 933 1921 fame,
956 1843 1088 1905 surrexit
1109 1841 1242 1923 quadam
1266 1841 1317 1905 die

264 1929 306 1991 ille
326 1949 392 1994 cum
420 1931 543 1994 duabus
574 1932 724 1995 uxoribus
753 1931 817 1995 suis
846 1931 885 1993 ad
909 1932 1118 2011 colligendum
1143 1932 1234 2011 ligna.
1282 1932 1318 1993 lit

264 2017 408 2083 inveniens
441 2021 534 2083 altera
568 2020 704 2101 ipsarum
740 2020 840 2099 pecias
875 2021 968 2101 panni
1003 2021 1118 2100 accepit
1148 2020 1215 2084 illas
1244 2020 1318 2100 quia

221 2108 338 2170 mnuda
358 2114 418 2171 erat
441 2113 470 2172 et
494 2110 654 2190 cooperuit
677 2128 746 2173 cum
771 2109 815 2173 eis
838 2127 926 2173 suam
954 2110 1185 2191 turpitudinem.
1233 2109 1318 2172 Dixit

264 2196 343 2259 altera
368 2198 434 2262 viro
462 2216 535 2261 suo:
566 2198 729 2278 Numquid
759 2194 846 2261 vides
877 2198 1066 2263 meretricem
1097 2197 1213 2262 nudam
1244 2216 1315 2261 eum

265 2302 317 2362 qua
342 2305 373 2350 se
402 2287 584 2367 cooperuit?
630 2286 690 2350 Cui
722 2287 881 2368 respondit
908 2287 967 2350 vir:
999 2289 1045 2352 Ve
1074 2288 1129 2351 tibi
1160 2286 1317 2351 dimittens

264 2392 412 2452 personam
436 2381 520 2439 tuam
545 2374 661 2439 nudam
684 2380 715 2439 et
736 2376 890 2457 vituperas
909 2376 1070 2456 illamque
1092 2394 1179 2439 suam
1204 2394 1316 2457 coope-

264 2463 315 2526 ruit
334 2465 561 2547 turpitudinem,
586 2484 643 2529 nec
666 2464 792 2547 respicis
816 2466 965 2530 maculam
981 2466 1025 2529 tui
1047 2466 1153 2547 ipsius,
1177 2465 1318 2530 videlicet

222 2566 253 2612 m
265 2554 367 2617 trabem
390 2556 421 2618 in
438 2556 531 2618 oculo
547 2560 609 2634 tuo,
634 2555 665 2617 in
681 2555 804 2618 alterius
826 2559 927 2618 autem
943 2556 1036 2619 oculo
1052 2556 1138 2622 vides
1154 2561 1316 2618 vestucam.

628 2706 676 2760 tt.
714 2697 822 2778 1=s
849 2698 934 2778 rsa]

342 2823 408 2886 Fuit
440 2823 488 2885 vir
522 2822 648 2902 quidam
683 2822 829 2903 simplex,
869 2823 901 2884 in
936 2822 1024 2886 cuius
1058 2822 1155 2887 domo
1190 2839 1317 2901 serpens

264 2912 434 2975 morabatur.
480 2911 651 2992 Sperabant
671 2916 772 2975 autem
797 2912 844 2973 vir
867 2914 897 2973 et
919 2930 998 2975 uxor
1020 2912 1087 2975 eius
1109 2909 1198 2974 valde
1221 2910 1317 2973 fortu-

263 3015 362 3062 nosum
386 3020 452 3065 esse
476 3018 547 3064 cum
571 3000 616 3064 eis
638 3006 810 3081 serpentem
835 3000 948 3064 ducere
964 3018 1091 3078 moram,
1115 2999 1201 3080 quod
1226 2999 1315 3063 etiam

263 3086 334 3152 illius
356 3091 449 3170 patrie
472 3094 536 3153 erat
558 3090 760 3154 consuetudo.
807 3089 950 3163 Quadam
975 3107 1049 3153 vero
1080 3090 1131 3152 die
1160 3088 1318 3153 dominica

223 3177 303 3238 uvir
330 3180 409 3242 misit
442 3179 587 3242 familiam
619 3197 705 3242 suam
741 3196 812 3242 cum
844 3196 941 3241 uxore
971 3179 1009 3241 ad
1041 3178 1211 3254 ecclesiam,
1247 3177 1316 3258 ipso

263 3273 391 3331 manente
414 3268 446 3330 in
475 3268 552 3332 lecto
575 3268 649 3347 quia
676 3268 781 3348 capitis
808 3267 950 3331 dolorem
975 3266 1155 3348 patiebatur;
1186 3271 1215 3329 et
1237 3266 1317 3329 facto

263 3353 370 3420 silentio
401 3358 431 3420 in
461 3357 566 3434 domo,
597 3374 724 3438 serpens
755 3356 847 3419 exivit
876 3375 1037 3420 cavernam
1068 3355 1318 3437 circumspiciens

264 3441 317 3506 late.
361 3446 415 3509 Vir
436 3450 537 3509 autem
567 3446 648 3509 misit
675 3446 796 3508 ianuam
826 3463 933 3509 versus
963 3446 1067 3526 ignem
1095 3445 1316 3526 semiapertam,

264 3534 287 3592 et
306 3533 377 3597 vidit
398 3534 486 3615 quod
514 3553 649 3616 serpens,
680 3539 844 3616 postquam
874 3534 1030 3598 neminem
1059 3535 1144 3598 domi
1173 3537 1315 3612 senserat,

225 3622 378 3685 mundam
402 3623 486 3687 misit
508 3624 539 3685 in
568 3624 660 3687 ollam
689 3624 720 3687 in
749 3641 810 3703 qua
840 3624 962 3688 decoxit
989 3625 1100 3687 mulier
1126 3641 1211 3687 escas
1238 3623 1317 3686 circa

265 3707 357 3788 ignem
379 3717 415 3791 et,
439 3731 560 3776 veneno
584 3712 732 3790 immisso,
756 3712 831 3775 abiit
847 3713 878 3775 in
900 3718 1020 3776 antrum
1044 3731 1146 3777 suum.
1186 3714 1222 3775 Et
1236 3707 1315 3797 euml

192 3861 196 3870 ,
265 3797 315 3862 hoc
335 3802 547 3882 paterfamilias
564 3801 688 3879 videret,
712 3803 843 3866 surrexit
865 3806 895 3865 et
916 3803 996 3864 fudit
1011 3803 1103 3865 ollam
1120 3819 1190 3865 cum
1208 3802 1316 3865 decoc-

265 3886 338 3952 tione
357 3892 415 3954 sub
438 3896 557 3968 terram,
587 3909 626 3954 ne
648 3891 719 3971 quis
741 3890 781 3953 ab
804 3909 843 3954 eo
867 3892 938 3954 cibo
961 3891 1176 3956 infirmaretur.
1215 3891 1317 3953 Adve-

267 3975 355 4041 niente
375 3985 475 4043 autem
499 3980 576 4043 hora
598 3981 686 4044 solita
710 3998 771 4059 qua
786 3997 913 4061 serpens
928 3981 1075 4060 querebat
1090 3997 1198 4058 escam,
1222 3999 1316 4060 quam

227 4065 365 4130 umulier
385 4069 561 4149 frequenter
580 4069 607 4132 ei
631 4069 730 4146 dabat,
754 4088 823 4132 ecce
845 4069 893 4132 vir
915 4087 985 4133 cum
1010 4070 1116 4149 ligone
1138 4071 1235 4134 stabat
1248 4073 1318 4132 ante

267 4150 390 4220 foramen
413 4163 574 4240 expectans
597 4159 747 4238 serpentis
762 4159 886 4236 exitum,
909 4163 939 4221 et
956 4177 1027 4221 cum
1044 4158 1160 4221 veniret
1181 4175 1317 4239 serpens,

268 4240 299 4301 ad
328 4244 462 4311 foramen
496 4247 591 4310 erexit
624 4251 714 4327 caput
744 4251 773 4310 et
802 4246 909 4310 sedule
938 4265 972 4310 se
1003 4247 1216 4327 circumspexit
1245 4247 1318 4325 quia
