<?xml version="1.0" encoding="UTF-8"?>
<!DOCTYPE html PUBLIC "-//W3C//DTD XHTML 1.0 Transitional//EN"
    "http://www.w3.org/TR/xhtml1/DTD/xhtml1-transitional.dtd">
<html xmlns="http://www.w3.org/1999/xhtml" xml:lang="en" lang="en">
 <head>
  <title>
</title>
<meta http-equiv="Content-Type" content="text/html;charset=utf-8" />
  <meta name='ocr-system' content='tesseract 3.04.00' />
  <meta name='ocr-capabilities' content='ocr_page ocr_carea ocr_par ocr_line ocrx_word'/>
</head>
<body>
  <div class='ocr_page' id='page_1' title='image "./probenderlatein00ulrigoog_0073.png"; bbox 0 0 3525 5025; ppageno 0'>
   <div class='ocr_carea' id='block_1_1' title="bbox 871 512 1116 569">
    <p class='ocr_par' dir='ltr' id='par_1_1' title="bbox 871 512 1116 569">
     <span class='ocr_line' id='line_1_1' title="bbox 871 512 1116 569; baseline -0.004 0"><span class='ocrx_word' id='word_1_1' title='bbox 871 512 1116 569; x_wconf 59' lang='lat'><strong>—62-‘</strong></span> 
     </span>
    </p>
   </div>
   <div class='ocr_carea' id='block_1_2' title="bbox 394 681 1586 3437">
    <p class='ocr_par' dir='ltr' id='par_1_2' title="bbox 394 681 1586 3437">
     <span class='ocr_line' id='line_1_2' title="bbox 450 681 1500 764; baseline -0.003 -18"><span class='ocrx_word' id='word_1_2' title='bbox 450 682 572 747; x_wconf 84' lang='lat' dir='ltr'>asinum</span> <span class='ocrx_word' id='word_1_3' title='bbox 601 682 658 761; x_wconf 89' lang='lat' dir='ltr'>leo,</span> <span class='ocrx_word' id='word_1_4' title='bbox 690 700 727 745; x_wconf 89' lang='lat' dir='ltr'>ex</span> <span class='ocrx_word' id='word_1_5' title='bbox 758 681 913 747; x_wconf 89' lang='lat' dir='ltr'>debilitate</span> <span class='ocrx_word' id='word_1_6' title='bbox 941 684 1080 764; x_wconf 86' lang='lat' dir='ltr'>corporis</span> <span class='ocrx_word' id='word_1_7' title='bbox 1110 683 1158 746; x_wconf 89' lang='lat' dir='ltr'>sui</span> <span class='ocrx_word' id='word_1_8' title='bbox 1189 702 1254 747; x_wconf 92' lang='lat' dir='ltr'>non</span> <span class='ocrx_word' id='word_1_9' title='bbox 1287 683 1389 764; x_wconf 89' lang='lat' dir='ltr'>potuit</span> <span class='ocrx_word' id='word_1_10' title='bbox 1415 683 1500 763; x_wconf 87' lang='lat' dir='ltr'>ipsum</span> 
     </span>
     <span class='ocr_line' id='line_1_3' title="bbox 451 770 1501 847; baseline -0.001 -13"><span class='ocrx_word' id='word_1_11' title='bbox 451 770 571 847; x_wconf 86' lang='lat' dir='ltr'>laniare,</span> <span class='ocrx_word' id='word_1_12' title='bbox 602 778 631 834; x_wconf 91' lang='lat' dir='ltr'>et</span> <span class='ocrx_word' id='word_1_13' title='bbox 657 772 775 835; x_wconf 82' lang='lat' dir='ltr'>dimisit</span> <span class='ocrx_word' id='word_1_14' title='bbox 799 772 920 835; x_wconf 90' lang='lat' dir='ltr'>asinum</span> <span class='ocrx_word' id='word_1_15' title='bbox 949 772 1068 835; x_wconf 91' lang='lat' dir='ltr'>illesum</span> <span class='ocrx_word' id='word_1_16' title='bbox 1098 773 1138 836; x_wconf 87' lang='lat' dir='ltr'>ab</span> <span class='ocrx_word' id='word_1_17' title='bbox 1161 792 1199 837; x_wconf 92' lang='lat' dir='ltr'>eo</span> <span class='ocrx_word' id='word_1_18' title='bbox 1221 772 1391 836; x_wconf 84' lang='lat' dir='ltr'>discedere.</span> <span class='ocrx_word' id='word_1_19' title='bbox 1433 770 1501 835; x_wconf 84' lang='lat' dir='ltr'>Cum</span> 
     </span>
     <span class='ocr_line' id='line_1_4' title="bbox 450 860 1505 942; baseline -0.002 -19"><span class='ocrx_word' id='word_1_20' title='bbox 450 860 510 925; x_wconf 89' lang='lat' dir='ltr'>hoc</span> <span class='ocrx_word' id='word_1_21' title='bbox 537 860 662 925; x_wconf 86' lang='lat' dir='ltr'>vidisset</span> <span class='ocrx_word' id='word_1_22' title='bbox 689 860 805 940; x_wconf 85' lang='lat' dir='ltr'>vulpes,</span> <span class='ocrx_word' id='word_1_23' title='bbox 835 861 876 923; x_wconf 89' lang='lat' dir='ltr'>ait</span> <span class='ocrx_word' id='word_1_24' title='bbox 904 860 1000 925; x_wconf 92' lang='lat' dir='ltr'>leoni:</span> <span class='ocrx_word' id='word_1_25' title='bbox 1033 862 1169 925; x_wconf 86' lang='lat' dir='ltr'>Domine</span> <span class='ocrx_word' id='word_1_26' title='bbox 1195 862 1344 940; x_wconf 86' lang='lat' dir='ltr'>ferarum,</span> <span class='ocrx_word' id='word_1_27' title='bbox 1374 861 1505 942; x_wconf 79' lang='lat' dir='ltr'>quidest</span> 
     </span>
     <span class='ocr_line' id='line_1_5' title="bbox 395 948 1505 1029; baseline -0.005 -15"><span class='ocrx_word' id='word_1_28' title='bbox 395 968 437 1015; x_wconf 81' lang='lat' dir='ltr'>ora</span> <span class='ocrx_word' id='word_1_29' title='bbox 453 950 512 1014; x_wconf 87' lang='lat' dir='ltr'>hoc</span> <span class='ocrx_word' id='word_1_30' title='bbox 534 948 620 1029; x_wconf 88' lang='lat' dir='ltr'>quod</span> <span class='ocrx_word' id='word_1_31' title='bbox 644 948 762 1013; x_wconf 88' lang='lat' dir='ltr'>fecisti?</span> <span class='ocrx_word' id='word_1_32' title='bbox 809 950 879 1014; x_wconf 90' lang='lat' dir='ltr'>iuro</span> <span class='ocrx_word' id='word_1_33' title='bbox 902 950 966 1027; x_wconf 88' lang='lat' dir='ltr'>tibi,</span> <span class='ocrx_word' id='word_1_34' title='bbox 995 950 1021 1013; x_wconf 95' lang='lat' dir='ltr'>si</span> <span class='ocrx_word' id='word_1_35' title='bbox 1050 950 1137 1013; x_wconf 91' lang='lat' dir='ltr'>illum</span> <span class='ocrx_word' id='word_1_36' title='bbox 1165 951 1310 1014; x_wconf 81' lang='lat' dir='ltr'>dimisisti</span> <span class='ocrx_word' id='word_1_37' title='bbox 1338 948 1505 1013; x_wconf 88' lang='lat' dir='ltr'>tua-volun·</span> 
     </span>
     <span class='ocr_line' id='line_1_6' title="bbox 449 1038 1506 1119; baseline -0.002 -18"><span class='ocrx_word' id='word_1_38' title='bbox 449 1042 516 1113; x_wconf 85' lang='lat' dir='ltr'>tate,</span> <span class='ocrx_word' id='word_1_39' title='bbox 548 1056 694 1119; x_wconf 87' lang='lat' dir='ltr'>maguum</span> <span class='ocrx_word' id='word_1_40' title='bbox 725 1038 862 1103; x_wconf 88' lang='lat' dir='ltr'>laborem</span> <span class='ocrx_word' id='word_1_41' title='bbox 886 1042 916 1102; x_wconf 93' lang='lat' dir='ltr'>et</span> <span class='ocrx_word' id='word_1_42' title='bbox 936 1039 1136 1103; x_wconf 89' lang='lat' dir='ltr'>afflictionem</span> <span class='ocrx_word' id='word_1_43' title='bbox 1164 1039 1254 1103; x_wconf 91' lang='lat' dir='ltr'>famis</span> <span class='ocrx_word' id='word_1_44' title='bbox 1280 1040 1361 1103; x_wconf 86' lang='lat' dir='ltr'>milri</span> <span class='ocrx_word' id='word_1_45' title='bbox 1384 1038 1506 1113; x_wconf 84' lang='lat' dir='ltr'>intulisti;</span> 
     </span>
     <span class='ocr_line' id='line_1_7' title="bbox 449 1125 1507 1209; baseline -0.005 -18"><span class='ocrx_word' id='word_1_46' title='bbox 449 1128 474 1191; x_wconf 92' lang='lat' dir='ltr'>si</span> <span class='ocrx_word' id='word_1_47' title='bbox 498 1144 573 1191; x_wconf 91' lang='lat' dir='ltr'>vero</span> <span class='ocrx_word' id='word_1_48' title='bbox 595 1146 632 1191; x_wconf 87' lang='lat' dir='ltr'>ex</span> <span class='ocrx_word' id='word_1_49' title='bbox 655 1132 706 1191; x_wconf 89' lang='lat' dir='ltr'>tua</span> <span class='ocrx_word' id='word_1_50' title='bbox 729 1128 908 1208; x_wconf 78' lang='lat' dir='ltr'>impotentia</span> <span class='ocrx_word' id='word_1_51' title='bbox 929 1127 1079 1206; x_wconf 85' lang='lat' dir='ltr'>dimisisti,</span> <span class='ocrx_word' id='word_1_52' title='bbox 1111 1147 1149 1191; x_wconf 93' lang='lat' dir='ltr'>ve</span> <span class='ocrx_word' id='word_1_53' title='bbox 1172 1129 1281 1193; x_wconf 87' lang='lat' dir='ltr'>nobis!</span> <span class='ocrx_word' id='word_1_54' title='bbox 1316 1128 1391 1209; x_wconf 91' lang='lat' dir='ltr'>quia</span> <span class='ocrx_word' id='word_1_55' title='bbox 1412 1125 1507 1207; x_wconf 90' lang='lat' dir='ltr'>perditi</span> 
     </span>
     <span class='ocr_line' id='line_1_8' title="bbox 450 1216 1508 1298; baseline -0.007 -18"><span class='ocrx_word' id='word_1_56' title='bbox 450 1234 567 1293; x_wconf 89' lang='lat' dir='ltr'>sumus,</span> <span class='ocrx_word' id='word_1_57' title='bbox 587 1234 644 1279; x_wconf 89' lang='lat' dir='ltr'>nee</span> <span class='ocrx_word' id='word_1_58' title='bbox 659 1216 689 1279; x_wconf 91' lang='lat' dir='ltr'>in</span> <span class='ocrx_word' id='word_1_59' title='bbox 707 1216 799 1279; x_wconf 89' lang='lat' dir='ltr'>nobis</span> <span class='ocrx_word' id='word_1_60' title='bbox 813 1216 946 1297; x_wconf 87' lang='lat' dir='ltr'>amplius</span> <span class='ocrx_word' id='word_1_61' title='bbox 963 1217 1019 1279; x_wconf 90' lang='lat' dir='ltr'>erit</span> <span class='ocrx_word' id='word_1_62' title='bbox 1034 1218 1169 1298; x_wconf 90' lang='lat' dir='ltr'>potentia</span> <span class='ocrx_word' id='word_1_63' title='bbox 1183 1217 1370 1298; x_wconf 86' lang='lat' dir='ltr'>acquirendi</span> <span class='ocrx_word' id='word_1_64' title='bbox 1385 1216 1508 1279; x_wconf 89' lang='lat' dir='ltr'>vitulum.</span> 
     </span>
     <span class='ocr_line' id='line_1_9' title="bbox 452 1304 1508 1388; baseline -0.004 -19"><span class='ocrx_word' id='word_1_65' title='bbox 452 1308 487 1369; x_wconf 84' lang='lat' dir='ltr'>Et</span> <span class='ocrx_word' id='word_1_66' title='bbox 516 1306 626 1369; x_wconf 90' lang='lat' dir='ltr'>nolens</span> <span class='ocrx_word' id='word_1_67' title='bbox 656 1305 705 1369; x_wconf 92' lang='lat' dir='ltr'>leo</span> <span class='ocrx_word' id='word_1_68' title='bbox 738 1304 825 1385; x_wconf 89' lang='lat' dir='ltr'>quod</span> <span class='ocrx_word' id='word_1_69' title='bbox 861 1306 1063 1387; x_wconf 85' lang='lat' dir='ltr'>perpenderet</span> <span class='ocrx_word' id='word_1_70' title='bbox 1092 1307 1201 1388; x_wconf 88' lang='lat' dir='ltr'>vulpes</span> <span class='ocrx_word' id='word_1_71' title='bbox 1231 1326 1330 1371; x_wconf 91' lang='lat' dir='ltr'>suum</span> <span class='ocrx_word' id='word_1_72' title='bbox 1361 1304 1508 1379; x_wconf 85' lang='lat' dir='ltr'>defectum,</span> 
     </span>
     <span class='ocr_line' id='line_1_10' title="bbox 395 1392 1509 1477; baseline -0.006 -16"><span class='ocrx_word' id='word_1_73' title='bbox 395 1414 436 1461; x_wconf 81' lang='lat' dir='ltr'>mo</span> <span class='ocrx_word' id='word_1_74' title='bbox 452 1394 594 1474; x_wconf 86' lang='lat' dir='ltr'>cogitavit</span> <span class='ocrx_word' id='word_1_75' title='bbox 615 1394 734 1457; x_wconf 90' lang='lat' dir='ltr'>dicens:</span> <span class='ocrx_word' id='word_1_76' title='bbox 765 1394 796 1458; x_wconf 86' lang='lat' dir='ltr'>Si</span> <span class='ocrx_word' id='word_1_77' title='bbox 820 1394 928 1458; x_wconf 87' lang='lat' dir='ltr'>dixero</span> <span class='ocrx_word' id='word_1_78' title='bbox 951 1395 979 1457; x_wconf 92' lang='lat' dir='ltr'>ei</span> <span class='ocrx_word' id='word_1_79' title='bbox 1008 1396 1082 1474; x_wconf 90' lang='lat' dir='ltr'>quia</span> <span class='ocrx_word' id='word_1_80' title='bbox 1108 1396 1192 1459; x_wconf 92' lang='lat' dir='ltr'>volui</span> <span class='ocrx_word' id='word_1_81' title='bbox 1224 1396 1332 1477; x_wconf 90' lang='lat' dir='ltr'>ipsum</span> <span class='ocrx_word' id='word_1_82' title='bbox 1365 1392 1509 1466; x_wconf 82' lang='lat' dir='ltr'>dimittere,</span> 
     </span>
     <span class='ocr_line' id='line_1_11' title="bbox 451 1483 1510 1566; baseline -0.003 -21"><span class='ocrx_word' id='word_1_83' title='bbox 451 1483 602 1563; x_wconf 88' lang='lat' dir='ltr'>reputabit</span> <span class='ocrx_word' id='word_1_84' title='bbox 631 1501 680 1547; x_wconf 90' lang='lat' dir='ltr'>me</span> <span class='ocrx_word' id='word_1_85' title='bbox 714 1483 845 1563; x_wconf 88' lang='lat' dir='ltr'>fatuum,</span> <span class='ocrx_word' id='word_1_86' title='bbox 880 1487 911 1547; x_wconf 91' lang='lat' dir='ltr'>et</span> <span class='ocrx_word' id='word_1_87' title='bbox 940 1485 982 1546; x_wconf 90' lang='lat' dir='ltr'>ait</span> <span class='ocrx_word' id='word_1_88' title='bbox 1010 1484 1049 1546; x_wconf 91' lang='lat' dir='ltr'>ad</span> <span class='ocrx_word' id='word_1_89' title='bbox 1081 1502 1168 1547; x_wconf 88' lang='lat' dir='ltr'>eum:</span> <span class='ocrx_word' id='word_1_90' title='bbox 1202 1485 1234 1549; x_wconf 87' lang='lat' dir='ltr'>Si</span> <span class='ocrx_word' id='word_1_91' title='bbox 1267 1484 1389 1566; x_wconf 91' lang='lat' dir='ltr'>poteris</span> <span class='ocrx_word' id='word_1_92' title='bbox 1421 1483 1510 1563; x_wconf 88' lang='lat' dir='ltr'>ipsum</span> 
     </span>
     <span class='ocr_line' id='line_1_12' title="bbox 450 1569 1510 1653; baseline -0.006 -18"><span class='ocrx_word' id='word_1_93' title='bbox 450 1574 558 1635; x_wconf 92' lang='lat' dir='ltr'>iterum</span> <span class='ocrx_word' id='word_1_94' title='bbox 582 1572 621 1635; x_wconf 91' lang='lat' dir='ltr'>ad</span> <span class='ocrx_word' id='word_1_95' title='bbox 645 1591 695 1635; x_wconf 93' lang='lat' dir='ltr'>me</span> <span class='ocrx_word' id='word_1_96' title='bbox 718 1572 838 1650; x_wconf 85' lang='lat' dir='ltr'>ducere,</span> <span class='ocrx_word' id='word_1_97' title='bbox 862 1573 1006 1637; x_wconf 82' lang='lat' dir='ltr'>indicabo</span> <span class='ocrx_word' id='word_1_98' title='bbox 1029 1574 1084 1637; x_wconf 91' lang='lat' dir='ltr'>tibi</span> <span class='ocrx_word' id='word_1_99' title='bbox 1108 1592 1203 1653; x_wconf 90' lang='lat' dir='ltr'>quare</span> <span class='ocrx_word' id='word_1_100' title='bbox 1227 1575 1306 1637; x_wconf 92' lang='lat' dir='ltr'>illud</span> <span class='ocrx_word' id='word_1_101' title='bbox 1333 1573 1400 1636; x_wconf 90' lang='lat' dir='ltr'>feci.</span> <span class='ocrx_word' id='word_1_102' title='bbox 1438 1569 1510 1633; x_wconf 89' lang='lat' dir='ltr'>Dixit</span> 
     </span>
     <span class='ocr_line' id='line_1_13' title="bbox 449 1660 1509 1743; baseline -0.005 -19"><span class='ocrx_word' id='word_1_103' title='bbox 449 1663 570 1742; x_wconf 88' lang='lat' dir='ltr'>vulpes:</span> <span class='ocrx_word' id='word_1_104' title='bbox 596 1662 656 1725; x_wconf 90' lang='lat' dir='ltr'>lam</span> <span class='ocrx_word' id='word_1_105' title='bbox 681 1666 823 1743; x_wconf 90' lang='lat' dir='ltr'>expertus</span> <span class='ocrx_word' id='word_1_106' title='bbox 845 1666 891 1725; x_wconf 87' lang='lat' dir='ltr'>est</span> <span class='ocrx_word' id='word_1_107' title='bbox 912 1662 1017 1725; x_wconf 91' lang='lat' dir='ltr'>asinus</span> <span class='ocrx_word' id='word_1_108' title='bbox 1032 1662 1245 1743; x_wconf 85' lang='lat' dir='ltr'>deceptionem</span> <span class='ocrx_word' id='word_1_109' title='bbox 1271 1681 1391 1740; x_wconf 87' lang='lat' dir='ltr'>meam;</span> <span class='ocrx_word' id='word_1_110' title='bbox 1413 1660 1509 1722; x_wconf 90' lang='lat' dir='ltr'>vadam</span> 
     </span>
     <span class='ocr_line' id='line_1_14' title="bbox 449 1750 1510 1832; baseline -0.007 -19"><span class='ocrx_word' id='word_1_111' title='bbox 449 1750 487 1813; x_wconf 87' lang='lat' dir='ltr'>ad</span> <span class='ocrx_word' id='word_1_112' title='bbox 512 1750 613 1831; x_wconf 87' lang='lat' dir='ltr'>ipsum</span> <span class='ocrx_word' id='word_1_113' title='bbox 637 1751 820 1815; x_wconf 89' lang='lat' dir='ltr'>secundario</span> <span class='ocrx_word' id='word_1_114' title='bbox 849 1756 877 1813; x_wconf 93' lang='lat' dir='ltr'>et</span> <span class='ocrx_word' id='word_1_115' title='bbox 905 1752 932 1814; x_wconf 91' lang='lat' dir='ltr'>ei</span> <span class='ocrx_word' id='word_1_116' title='bbox 963 1752 1078 1832; x_wconf 88' lang='lat' dir='ltr'>parabo</span> <span class='ocrx_word' id='word_1_117' title='bbox 1100 1757 1283 1832; x_wconf 89' lang='lat' dir='ltr'>argumenta</span> <span class='ocrx_word' id='word_1_118' title='bbox 1314 1768 1380 1832; x_wconf 90' lang='lat' dir='ltr'>que</span> <span class='ocrx_word' id='word_1_119' title='bbox 1407 1752 1510 1830; x_wconf 89' lang='lat' dir='ltr'>potero.</span> 
     </span>
     <span class='ocr_line' id='line_1_15' title="bbox 395 1839 1510 1921; baseline -0.01 -15"><span class='ocrx_word' id='word_1_120' title='bbox 395 1860 437 1906; x_wconf 81' lang='lat' dir='ltr'>ms</span> <span class='ocrx_word' id='word_1_121' title='bbox 454 1840 489 1902; x_wconf 82' lang='lat' dir='ltr'>Et</span> <span class='ocrx_word' id='word_1_122' title='bbox 510 1857 663 1919; x_wconf 87' lang='lat' dir='ltr'>exurgens</span> <span class='ocrx_word' id='word_1_123' title='bbox 693 1840 747 1902; x_wconf 92' lang='lat' dir='ltr'>ivit</span> <span class='ocrx_word' id='word_1_124' title='bbox 772 1840 811 1902; x_wconf 92' lang='lat' dir='ltr'>ad</span> <span class='ocrx_word' id='word_1_125' title='bbox 836 1840 948 1921; x_wconf 77' lang='lat' dir='ltr'>ipsum,</span> <span class='ocrx_word' id='word_1_126' title='bbox 977 1845 1015 1917; x_wconf 81' lang='lat' dir='ltr'>et,</span> <span class='ocrx_word' id='word_1_127' title='bbox 1044 1858 1115 1903; x_wconf 87' lang='lat' dir='ltr'>cum</span> <span class='ocrx_word' id='word_1_128' title='bbox 1139 1841 1257 1905; x_wconf 86' lang='lat' dir='ltr'>videret</span> <span class='ocrx_word' id='word_1_129' title='bbox 1278 1860 1355 1905; x_wconf 90' lang='lat' dir='ltr'>eum</span> <span class='ocrx_word' id='word_1_130' title='bbox 1379 1839 1510 1903; x_wconf 87' lang='lat' dir='ltr'>asinusa</span> 
     </span>
     <span class='ocr_line' id='line_1_16' title="bbox 452 1920 1509 2010; baseline 0.002 -19"><span class='ocrx_word' id='word_1_131' title='bbox 452 1930 552 2009; x_wconf 88' lang='lat' dir='ltr'>longe,</span> <span class='ocrx_word' id='word_1_132' title='bbox 576 1928 653 1991; x_wconf 89' lang='lat' dir='ltr'>dixit</span> <span class='ocrx_word' id='word_1_133' title='bbox 675 1929 716 1992; x_wconf 87' lang='lat' dir='ltr'>ei:</span> <span class='ocrx_word' id='word_1_134' title='bbox 738 1930 784 1993; x_wconf 88' lang='lat' dir='ltr'>Vc</span> <span class='ocrx_word' id='word_1_135' title='bbox 807 1928 876 1992; x_wconf 88' lang='lat' dir='ltr'>tibi!</span> <span class='ocrx_word' id='word_1_136' title='bbox 901 1927 976 2010; x_wconf 91' lang='lat' dir='ltr'>quid</span> <span class='ocrx_word' id='word_1_137' title='bbox 1001 1929 1135 2009; x_wconf 87' lang='lat' dir='ltr'>amplius</span> <span class='ocrx_word' id='word_1_138' title='bbox 1150 1932 1254 2010; x_wconf 89' lang='lat' dir='ltr'>queris</span> <span class='ocrx_word' id='word_1_139' title='bbox 1277 1932 1311 1993; x_wconf 94' lang='lat' dir='ltr'>in</span> <span class='ocrx_word' id='word_1_140' title='bbox 1337 1948 1391 1993; x_wconf 92' lang='lat' dir='ltr'>me</span> <span class='ocrx_word' id='word_1_141' title='bbox 1412 1920 1509 2006; x_wconf 79' lang='lat' dir='ltr'>agere?</span> 
     </span>
     <span class='ocr_line' id='line_1_17' title="bbox 451 2016 1509 2100; baseline -0.008 -19"><span class='ocrx_word' id='word_1_142' title='bbox 451 2019 487 2081; x_wconf 84' lang='lat' dir='ltr'>Et</span> <span class='ocrx_word' id='word_1_143' title='bbox 508 2018 550 2080; x_wconf 89' lang='lat' dir='ltr'>ait</span> <span class='ocrx_word' id='word_1_144' title='bbox 570 2016 608 2080; x_wconf 86' lang='lat' dir='ltr'>ad</span> <span class='ocrx_word' id='word_1_145' title='bbox 633 2036 704 2081; x_wconf 88' lang='lat' dir='ltr'>eum</span> <span class='ocrx_word' id='word_1_146' title='bbox 728 2018 848 2098; x_wconf 90' lang='lat' dir='ltr'>vulpes:</span> <span class='ocrx_word' id='word_1_147' title='bbox 873 2019 947 2082; x_wconf 91' lang='lat' dir='ltr'>Non</span> <span class='ocrx_word' id='word_1_148' title='bbox 971 2018 1098 2082; x_wconf 88' lang='lat' dir='ltr'>intendo</span> <span class='ocrx_word' id='word_1_149' title='bbox 1123 2020 1154 2081; x_wconf 93' lang='lat' dir='ltr'>in</span> <span class='ocrx_word' id='word_1_150' title='bbox 1178 2024 1206 2082; x_wconf 89' lang='lat' dir='ltr'>te</span> <span class='ocrx_word' id='word_1_151' title='bbox 1227 2037 1322 2100; x_wconf 90' lang='lat' dir='ltr'>agere</span> <span class='ocrx_word' id='word_1_152' title='bbox 1346 2017 1406 2081; x_wconf 90' lang='lat' dir='ltr'>nisi</span> <span class='ocrx_word' id='word_1_153' title='bbox 1429 2030 1509 2079; x_wconf 88' lang='lat' dir='ltr'>omne</span> 
     </span>
     <span class='ocr_line' id='line_1_18' title="bbox 450 2108 1509 2188; baseline -0.008 -17"><span class='ocrx_word' id='word_1_154' title='bbox 450 2108 568 2171; x_wconf 92' lang='lat' dir='ltr'>bonum</span> <span class='ocrx_word' id='word_1_155' title='bbox 574 2126 582 2187; x_wconf 87' lang='lat'>;</span> <span class='ocrx_word' id='word_1_156' title='bbox 598 2124 705 2169; x_wconf 89' lang='lat' dir='ltr'>verum</span> <span class='ocrx_word' id='word_1_157' title='bbox 722 2112 821 2171; x_wconf 89' lang='lat' dir='ltr'>tamen</span> <span class='ocrx_word' id='word_1_158' title='bbox 838 2108 909 2170; x_wconf 92' lang='lat' dir='ltr'>veni</span> <span class='ocrx_word' id='word_1_159' title='bbox 925 2110 1024 2170; x_wconf 88' lang='lat' dir='ltr'>tecum</span> <span class='ocrx_word' id='word_1_160' title='bbox 1041 2108 1079 2170; x_wconf 91' lang='lat' dir='ltr'>ad</span> <span class='ocrx_word' id='word_1_161' title='bbox 1095 2109 1196 2171; x_wconf 88' lang='lat' dir='ltr'>asinas</span> <span class='ocrx_word' id='word_1_162' title='bbox 1212 2127 1291 2188; x_wconf 88' lang='lat' dir='ltr'>quas</span> <span class='ocrx_word' id='word_1_163' title='bbox 1305 2109 1364 2172; x_wconf 89' lang='lat' dir='ltr'>tibi</span> <span class='ocrx_word' id='word_1_164' title='bbox 1377 2108 1509 2176; x_wconf 86' lang='lat' dir='ltr'>dixeram,</span> 
     </span>
     <span class='ocr_line' id='line_1_19' title="bbox 450 2195 1509 2276; baseline -0.003 -18"><span class='ocrx_word' id='word_1_165' title='bbox 450 2200 480 2259; x_wconf 89' lang='lat' dir='ltr'>et</span> <span class='ocrx_word' id='word_1_166' title='bbox 500 2196 602 2259; x_wconf 86' lang='lat' dir='ltr'>vidisti</span> <span class='ocrx_word' id='word_1_167' title='bbox 626 2195 700 2276; x_wconf 90' lang='lat' dir='ltr'>quid</span> <span class='ocrx_word' id='word_1_168' title='bbox 725 2196 778 2260; x_wconf 92' lang='lat' dir='ltr'>tibi</span> <span class='ocrx_word' id='word_1_169' title='bbox 802 2195 953 2259; x_wconf 88' lang='lat' dir='ltr'>faciebant</span> <span class='ocrx_word' id='word_1_170' title='bbox 975 2215 1012 2259; x_wconf 89' lang='lat' dir='ltr'>ex</span> <span class='ocrx_word' id='word_1_171' title='bbox 1035 2197 1131 2259; x_wconf 90' lang='lat' dir='ltr'>nimia</span> <span class='ocrx_word' id='word_1_172' title='bbox 1145 2215 1250 2261; x_wconf 88' lang='lat' dir='ltr'>earum</span> <span class='ocrx_word' id='word_1_173' title='bbox 1267 2198 1436 2261; x_wconf 90' lang='lat' dir='ltr'>dilectione</span> <span class='ocrx_word' id='word_1_174' title='bbox 1449 2206 1509 2269; x_wconf 76' lang='lat' dir='ltr'>erga</span> 
     </span>
     <span class='ocr_line' id='line_1_20' title="bbox 394 2277 1509 2365; baseline -0.007 -14"><span class='ocrx_word' id='word_1_175' title='bbox 394 2304 436 2351; x_wconf 81' lang='lat' dir='ltr'>aso</span> <span class='ocrx_word' id='word_1_176' title='bbox 451 2291 479 2349; x_wconf 91' lang='lat' dir='ltr'>te</span> <span class='ocrx_word' id='word_1_177' title='bbox 495 2289 524 2348; x_wconf 88' lang='lat' dir='ltr'>et</span> <span class='ocrx_word' id='word_1_178' title='bbox 539 2286 611 2364; x_wconf 92' lang='lat' dir='ltr'>quia</span> <span class='ocrx_word' id='word_1_179' title='bbox 626 2289 677 2348; x_wconf 88' lang='lat' dir='ltr'>tua</span> <span class='ocrx_word' id='word_1_180' title='bbox 693 2286 924 2349; x_wconf 90' lang='lat' dir='ltr'>conversatione</span> <span class='ocrx_word' id='word_1_181' title='bbox 936 2285 1170 2349; x_wconf 81' lang='lat' dir='ltr'>delectabantur.</span> <span class='ocrx_word' id='word_1_182' title='bbox 1193 2288 1240 2349; x_wconf 89' lang='lat' dir='ltr'>Tu</span> <span class='ocrx_word' id='word_1_183' title='bbox 1256 2291 1363 2350; x_wconf 89' lang='lat' dir='ltr'>autem</span> <span class='ocrx_word' id='word_1_184' title='bbox 1375 2277 1509 2365; x_wconf 84' lang='lat' dir='ltr'>expavisti</span> 
     </span>
     <span class='ocr_line' id='line_1_21' title="bbox 450 2368 1508 2456; baseline -0.009 -18"><span class='ocrx_word' id='word_1_185' title='bbox 450 2375 594 2438; x_wconf 89' lang='lat' dir='ltr'>estimans</span> <span class='ocrx_word' id='word_1_186' title='bbox 617 2374 671 2439; x_wconf 92' lang='lat' dir='ltr'>tibi</span> <span class='ocrx_word' id='word_1_187' title='bbox 696 2374 726 2437; x_wconf 91' lang='lat' dir='ltr'>in</span> <span class='ocrx_word' id='word_1_188' title='bbox 744 2375 858 2437; x_wconf 88' lang='lat' dir='ltr'>malum</span> <span class='ocrx_word' id='word_1_189' title='bbox 875 2374 986 2453; x_wconf 87' lang='lat' dir='ltr'>facere;</span> <span class='ocrx_word' id='word_1_190' title='bbox 1010 2392 1118 2437; x_wconf 90' lang='lat' dir='ltr'>verum</span> <span class='ocrx_word' id='word_1_191' title='bbox 1141 2381 1242 2439; x_wconf 89' lang='lat' dir='ltr'>tamen</span> <span class='ocrx_word' id='word_1_192' title='bbox 1258 2377 1283 2439; x_wconf 91' lang='lat' dir='ltr'>si</span> <span class='ocrx_word' id='word_1_193' title='bbox 1300 2393 1416 2456; x_wconf 93' lang='lat' dir='ltr'>parum</span> <span class='ocrx_word' id='word_1_194' title='bbox 1431 2368 1508 2435; x_wconf 89' lang='lat' dir='ltr'>susti·</span> 
     </span>
     <span class='ocr_line' id='line_1_22' title="bbox 450 2462 1507 2544; baseline -0.007 -17"><span class='ocrx_word' id='word_1_195' title='bbox 450 2463 577 2542; x_wconf 90' lang='lat' dir='ltr'>nuisses,</span> <span class='ocrx_word' id='word_1_196' title='bbox 610 2463 739 2529; x_wconf 86' lang='lat' dir='ltr'>vidisses</span> <span class='ocrx_word' id='word_1_197' title='bbox 766 2462 897 2544; x_wconf 86' lang='lat' dir='ltr'>gloriam</span> <span class='ocrx_word' id='word_1_198' title='bbox 926 2481 1020 2544; x_wconf 89' lang='lat' dir='ltr'>quam</span> <span class='ocrx_word' id='word_1_199' title='bbox 1044 2481 1203 2544; x_wconf 91' lang='lat' dir='ltr'>nunquam</span> <span class='ocrx_word' id='word_1_200' title='bbox 1227 2464 1342 2530; x_wconf 89' lang='lat' dir='ltr'>vidisti.</span> <span class='ocrx_word' id='word_1_201' title='bbox 1392 2465 1507 2527; x_wconf 84' lang='lat' dir='ltr'>Etcum</span> 
     </span>
     <span class='ocr_line' id='line_1_23' title="bbox 449 2545 1509 2630; baseline -0.001 -12"><span class='ocrx_word' id='word_1_202' title='bbox 449 2554 554 2618; x_wconf 87' lang='lat' dir='ltr'>asinus</span> <span class='ocrx_word' id='word_1_203' title='bbox 576 2572 594 2616; x_wconf 90' lang='lat' dir='ltr'>a</span> <span class='ocrx_word' id='word_1_204' title='bbox 617 2553 727 2618; x_wconf 90' lang='lat' dir='ltr'>diebus</span> <span class='ocrx_word' id='word_1_205' title='bbox 756 2554 821 2617; x_wconf 90' lang='lat' dir='ltr'>suis</span> <span class='ocrx_word' id='word_1_206' title='bbox 849 2571 913 2617; x_wconf 92' lang='lat' dir='ltr'>non</span> <span class='ocrx_word' id='word_1_207' title='bbox 942 2554 1067 2617; x_wconf 90' lang='lat' dir='ltr'>vidisset</span> <span class='ocrx_word' id='word_1_208' title='bbox 1098 2554 1219 2618; x_wconf 91' lang='lat' dir='ltr'>leonem</span> <span class='ocrx_word' id='word_1_209' title='bbox 1249 2573 1306 2618; x_wconf 91' lang='lat' dir='ltr'>nec</span> <span class='ocrx_word' id='word_1_210' title='bbox 1330 2556 1422 2620; x_wconf 90' lang='lat' dir='ltr'>sciret</span> <span class='ocrx_word' id='word_1_211' title='bbox 1442 2545 1509 2630; x_wconf 79' lang='lat' dir='ltr'>quid</span> 
     </span>
     <span class='ocr_line' id='line_1_24' title="bbox 449 2642 1508 2724; baseline -0.004 -18"><span class='ocrx_word' id='word_1_212' title='bbox 449 2647 535 2720; x_wconf 70' lang='lat' dir='ltr'>esset,</span> <span class='ocrx_word' id='word_1_213' title='bbox 560 2642 648 2706; x_wconf 92' lang='lat' dir='ltr'>rediit</span> <span class='ocrx_word' id='word_1_214' title='bbox 670 2642 851 2707; x_wconf 88' lang='lat' dir='ltr'>secundario</span> <span class='ocrx_word' id='word_1_215' title='bbox 875 2661 946 2706; x_wconf 90' lang='lat' dir='ltr'>cum</span> <span class='ocrx_word' id='word_1_216' title='bbox 963 2644 1063 2724; x_wconf 88' lang='lat' dir='ltr'>vulpe,</span> <span class='ocrx_word' id='word_1_217' title='bbox 1087 2643 1160 2723; x_wconf 89' lang='lat' dir='ltr'>quia</span> <span class='ocrx_word' id='word_1_218' title='bbox 1181 2644 1344 2708; x_wconf 77' lang='lat' dir='ltr'>affectabat</span> <span class='ocrx_word' id='word_1_219' title='bbox 1367 2660 1434 2708; x_wconf 90' lang='lat' dir='ltr'>esse</span> <span class='ocrx_word' id='word_1_220' title='bbox 1447 2651 1508 2702; x_wconf 82' lang='lat' dir='ltr'>cum</span> 
     </span>
     <span class='ocr_line' id='line_1_25' title="bbox 394 2721 1508 2812; baseline -0.01 -16"><span class='ocrx_word' id='word_1_221' title='bbox 394 2750 436 2796; x_wconf 82' lang='lat' dir='ltr'>oso</span> <span class='ocrx_word' id='word_1_222' title='bbox 451 2732 595 2796; x_wconf 86' lang='lat' dir='ltr'>asinabus</span> <span class='ocrx_word' id='word_1_223' title='bbox 629 2749 707 2812; x_wconf 87' lang='lat' dir='ltr'>quas</span> <span class='ocrx_word' id='word_1_224' title='bbox 740 2733 799 2796; x_wconf 88' lang='lat' dir='ltr'>sibi</span> <span class='ocrx_word' id='word_1_225' title='bbox 834 2732 1065 2812; x_wconf 76' lang='lat' dir='ltr'>significaverat.</span> <span class='ocrx_word' id='word_1_226' title='bbox 1119 2733 1155 2794; x_wconf 80' lang='lat' dir='ltr'>Et</span> <span class='ocrx_word' id='word_1_227' title='bbox 1187 2751 1257 2795; x_wconf 89' lang='lat' dir='ltr'>cum</span> <span class='ocrx_word' id='word_1_228' title='bbox 1289 2733 1447 2797; x_wconf 89' lang='lat' dir='ltr'>accederet</span> <span class='ocrx_word' id='word_1_229' title='bbox 1476 2721 1508 2788; x_wconf 87' lang='lat' dir='ltr'>ad</span> 
     </span>
     <span class='ocr_line' id='line_1_26' title="bbox 450 2814 1508 2902; baseline -0.008 -20"><span class='ocrx_word' id='word_1_230' title='bbox 450 2821 580 2899; x_wconf 79' lang='lat' dir='ltr'>leonem,</span> <span class='ocrx_word' id='word_1_231' title='bbox 605 2822 705 2900; x_wconf 89' lang='lat' dir='ltr'>rapuit</span> <span class='ocrx_word' id='word_1_232' title='bbox 727 2822 828 2902; x_wconf 88' lang='lat' dir='ltr'>ipsum</span> <span class='ocrx_word' id='word_1_233' title='bbox 846 2821 895 2883; x_wconf 93' lang='lat' dir='ltr'>leo</span> <span class='ocrx_word' id='word_1_234' title='bbox 919 2824 948 2884; x_wconf 90' lang='lat' dir='ltr'>et</span> <span class='ocrx_word' id='word_1_235' title='bbox 970 2821 1117 2884; x_wconf 91' lang='lat' dir='ltr'>interfecit</span> <span class='ocrx_word' id='word_1_236' title='bbox 1140 2821 1236 2884; x_wconf 92' lang='lat' dir='ltr'>illum.</span> <span class='ocrx_word' id='word_1_237' title='bbox 1267 2823 1304 2884; x_wconf 86' lang='lat' dir='ltr'>Et</span> <span class='ocrx_word' id='word_1_238' title='bbox 1326 2822 1407 2885; x_wconf 89' lang='lat' dir='ltr'>dixit</span> <span class='ocrx_word' id='word_1_239' title='bbox 1421 2814 1508 2896; x_wconf 89' lang='lat' dir='ltr'>vulpi:</span> 
     </span>
     <span class='ocr_line' id='line_1_27' title="bbox 450 2903 1508 2992; baseline -0.009 -18"><span class='ocrx_word' id='word_1_240' title='bbox 450 2910 609 2974; x_wconf 87' lang='lat' dir='ltr'>Conserva</span> <span class='ocrx_word' id='word_1_241' title='bbox 639 2903 754 2990; x_wconf 89' lang='lat' dir='ltr'>ipsum,</span> <span class='ocrx_word' id='word_1_242' title='bbox 785 2910 886 2973; x_wconf 90' lang='lat' dir='ltr'>donec</span> <span class='ocrx_word' id='word_1_243' title='bbox 915 2910 1024 2972; x_wconf 90' lang='lat' dir='ltr'>vadam</span> <span class='ocrx_word' id='word_1_244' title='bbox 1054 2914 1084 2973; x_wconf 91' lang='lat' dir='ltr'>et</span> <span class='ocrx_word' id='word_1_245' title='bbox 1113 2910 1236 2973; x_wconf 88' lang='lat' dir='ltr'>abluam</span> <span class='ocrx_word' id='word_1_246' title='bbox 1267 2929 1385 2992; x_wconf 88' lang='lat' dir='ltr'>corpus</span> <span class='ocrx_word' id='word_1_247' title='bbox 1415 2919 1508 2972; x_wconf 88' lang='lat' dir='ltr'>meum</span> 
     </span>
     <span class='ocr_line' id='line_1_28' title="bbox 450 2998 1508 3064; baseline -0.007 -3"><span class='ocrx_word' id='word_1_248' title='bbox 450 3000 532 3062; x_wconf 88' lang='lat' dir='ltr'>iuxta</span> <span class='ocrx_word' id='word_1_249' title='bbox 555 2999 803 3063; x_wconf 89' lang='lat' dir='ltr'>inionnationem</span> <span class='ocrx_word' id='word_1_250' title='bbox 827 2998 938 3061; x_wconf 88' lang='lat' dir='ltr'>medici</span> <span class='ocrx_word' id='word_1_251' title='bbox 962 2998 1033 3063; x_wconf 92' lang='lat' dir='ltr'>mei.</span> <span class='ocrx_word' id='word_1_252' title='bbox 1066 3000 1194 3062; x_wconf 84' lang='lat' dir='ltr'>Etcum</span> <span class='ocrx_word' id='word_1_253' title='bbox 1218 3000 1274 3062; x_wconf 89' lang='lat' dir='ltr'>iret</span> <span class='ocrx_word' id='word_1_254' title='bbox 1287 3000 1337 3064; x_wconf 90' lang='lat' dir='ltr'>leo</span> <span class='ocrx_word' id='word_1_255' title='bbox 1361 3000 1401 3064; x_wconf 88' lang='lat' dir='ltr'>ad</span> <span class='ocrx_word' id='word_1_256' title='bbox 1419 2999 1508 3060; x_wconf 89' lang='lat' dir='ltr'>lavan-</span> 
     </span>
     <span class='ocr_line' id='line_1_29' title="bbox 450 3083 1586 3168; baseline -0.005 -18"><span class='ocrx_word' id='word_1_257' title='bbox 450 3088 525 3151; x_wconf 90' lang='lat' dir='ltr'>dum</span> <span class='ocrx_word' id='word_1_258' title='bbox 550 3106 590 3166; x_wconf 89' lang='lat' dir='ltr'>se,</span> <span class='ocrx_word' id='word_1_259' title='bbox 615 3087 748 3152; x_wconf 90' lang='lat' dir='ltr'>comedit</span> <span class='ocrx_word' id='word_1_260' title='bbox 770 3089 879 3168; x_wconf 89' lang='lat' dir='ltr'>vulpes</span> <span class='ocrx_word' id='word_1_261' title='bbox 901 3105 992 3151; x_wconf 88' lang='lat' dir='ltr'>aures</span> <span class='ocrx_word' id='word_1_262' title='bbox 1014 3092 1112 3152; x_wconf 89' lang='lat' dir='ltr'>etcor</span> <span class='ocrx_word' id='word_1_263' title='bbox 1133 3088 1219 3152; x_wconf 89' lang='lat' dir='ltr'>asini.</span> <span class='ocrx_word' id='word_1_264' title='bbox 1260 3090 1296 3152; x_wconf 79' lang='lat' dir='ltr'>Et</span> <span class='ocrx_word' id='word_1_265' title='bbox 1317 3107 1391 3152; x_wconf 88' lang='lat' dir='ltr'>cum</span> <span class='ocrx_word' id='word_1_266' title='bbox 1409 3083 1510 3150; x_wconf 87' lang='lat' dir='ltr'>rediret</span> <span class='ocrx_word' id='word_1_267' title='bbox 1585 3158 1586 3161; x_wconf 8' lang='grc' dir='ltr'><strong>Ἴ</strong></span> 
     </span>
     <span class='ocr_line' id='line_1_30' title="bbox 394 3169 1510 3258; baseline -0.006 -16"><span class='ocrx_word' id='word_1_268' title='bbox 394 3195 436 3242; x_wconf 78' lang='lat' dir='ltr'>ono</span> <span class='ocrx_word' id='word_1_269' title='bbox 453 3178 501 3240; x_wconf 89' lang='lat' dir='ltr'>leo</span> <span class='ocrx_word' id='word_1_270' title='bbox 532 3177 619 3240; x_wconf 86' lang='lat' dir='ltr'>dixit:</span> <span class='ocrx_word' id='word_1_271' title='bbox 654 3177 716 3242; x_wconf 93' lang='lat' dir='ltr'>Ubi</span> <span class='ocrx_word' id='word_1_272' title='bbox 747 3182 820 3241; x_wconf 91' lang='lat' dir='ltr'>sunt</span> <span class='ocrx_word' id='word_1_273' title='bbox 849 3177 916 3241; x_wconf 90' lang='lat' dir='ltr'>eius</span> <span class='ocrx_word' id='word_1_274' title='bbox 945 3177 1081 3240; x_wconf 88' lang='lat' dir='ltr'>auricule</span> <span class='ocrx_word' id='word_1_275' title='bbox 1110 3183 1141 3240; x_wconf 88' lang='lat' dir='ltr'>et</span> <span class='ocrx_word' id='word_1_276' title='bbox 1170 3180 1245 3241; x_wconf 89' lang='lat' dir='ltr'>cor?</span> <span class='ocrx_word' id='word_1_277' title='bbox 1293 3179 1328 3241; x_wconf 82' lang='lat' dir='ltr'>Et</span> <span class='ocrx_word' id='word_1_278' title='bbox 1359 3169 1510 3258; x_wconf 84' lang='lat' dir='ltr'>respondit</span> 
     </span>
     <span class='ocr_line' id='line_1_31' title="bbox 449 3266 1509 3348; baseline -0.006 -18"><span class='ocrx_word' id='word_1_279' title='bbox 449 3267 570 3348; x_wconf 91' lang='lat' dir='ltr'>vulpes:</span> <span class='ocrx_word' id='word_1_280' title='bbox 602 3267 684 3332; x_wconf 88' lang='lat' dir='ltr'>Scire</span> <span class='ocrx_word' id='word_1_281' title='bbox 707 3267 802 3330; x_wconf 89' lang='lat' dir='ltr'>debes</span> <span class='ocrx_word' id='word_1_282' title='bbox 825 3267 982 3347; x_wconf 87' lang='lat' dir='ltr'>quoniam,</span> <span class='ocrx_word' id='word_1_283' title='bbox 1010 3267 1035 3330; x_wconf 90' lang='lat' dir='ltr'>si</span> <span class='ocrx_word' id='word_1_284' title='bbox 1060 3266 1216 3330; x_wconf 89' lang='lat' dir='ltr'>habuisset</span> <span class='ocrx_word' id='word_1_285' title='bbox 1237 3267 1391 3332; x_wconf 90' lang='lat' dir='ltr'>auriculas</span> <span class='ocrx_word' id='word_1_286' title='bbox 1414 3269 1442 3328; x_wconf 90' lang='lat' dir='ltr'>el</span> <span class='ocrx_word' id='word_1_287' title='bbox 1464 3275 1509 3324; x_wconf 83' lang='lat' dir='ltr'>cot</span> 
     </span>
     <span class='ocr_line' id='line_1_32' title="bbox 450 3352 1509 3437; baseline -0.004 -18"><span class='ocrx_word' id='word_1_288' title='bbox 450 3356 565 3437; x_wconf 89' lang='lat' dir='ltr'>quibus</span> <span class='ocrx_word' id='word_1_289' title='bbox 595 3375 644 3419; x_wconf 91' lang='lat' dir='ltr'>me</span> <span class='ocrx_word' id='word_1_290' title='bbox 673 3356 840 3419; x_wconf 88' lang='lat' dir='ltr'>audivisset</span> <span class='ocrx_word' id='word_1_291' title='bbox 873 3360 903 3418; x_wconf 93' lang='lat' dir='ltr'>et</span> <span class='ocrx_word' id='word_1_292' title='bbox 936 3355 1141 3434; x_wconf 83' lang='lat' dir='ltr'>intellexisset,</span> <span class='ocrx_word' id='word_1_293' title='bbox 1178 3373 1241 3420; x_wconf 92' lang='lat' dir='ltr'>non</span> <span class='ocrx_word' id='word_1_294' title='bbox 1276 3356 1388 3420; x_wconf 90' lang='lat' dir='ltr'>iterum</span> <span class='ocrx_word' id='word_1_295' title='bbox 1420 3352 1458 3417; x_wconf 92' lang='lat' dir='ltr'>ad</span> <span class='ocrx_word' id='word_1_296' title='bbox 1485 3353 1509 3409; x_wconf 85' lang='lat' dir='ltr'>te</span> 
     </span>
    </p>
   </div>
   <div class='ocr_carea' id='block_1_3' title="bbox 449 3441 1235 3532">
    <p class='ocr_par' dir='ltr' id='par_1_3' title="bbox 449 3441 1235 3532">
     <span class='ocr_line' id='line_1_33' title="bbox 449 3441 1235 3532; baseline -0.004 -22"><span class='ocrx_word' id='word_1_297' title='bbox 449 3441 598 3532; x_wconf 72' lang='lat' dir='ltr'>velnisset,</span> <span class='ocrx_word' id='word_1_298' title='bbox 622 3449 786 3526; x_wconf 88' lang='lat' dir='ltr'>postquam</span> <span class='ocrx_word' id='word_1_299' title='bbox 810 3445 849 3508; x_wconf 91' lang='lat' dir='ltr'>de</span> <span class='ocrx_word' id='word_1_300' title='bbox 873 3463 966 3508; x_wconf 91' lang='lat' dir='ltr'>manu</span> <span class='ocrx_word' id='word_1_301' title='bbox 990 3449 1041 3507; x_wconf 88' lang='lat' dir='ltr'>tua</span> <span class='ocrx_word' id='word_1_302' title='bbox 1064 3445 1235 3508; x_wconf 76' lang='lat' dir='ltr'>evasisset</span> 
     </span>
    </p>
   </div>
   <div class='ocr_carea' id='block_1_4' title="bbox 830 3585 1137 3667">
    <p class='ocr_par' dir='ltr' id='par_1_4' title="bbox 830 3585 1137 3667">
     <span class='ocr_line' id='line_1_34' title="bbox 830 3585 1137 3667; baseline 0.003 -17"><span class='ocrx_word' id='word_1_303' title='bbox 830 3592 879 3652; x_wconf 73' lang='lat' dir='ltr'>rr.</span> <span class='ocrx_word' id='word_1_304' title='bbox 919 3586 973 3667; x_wconf 61' lang='grc' dir='ltr'>[ε</span> <span class='ocrx_word' id='word_1_305' title='bbox 996 3586 1026 3650; x_wconf 89' lang='lat' dir='ltr'>s.</span> <span class='ocrx_word' id='word_1_306' title='bbox 1051 3585 1137 3666; x_wconf 74' lang='lat' dir='ltr'>zm]</span> 
     </span>
    </p>
   </div>
   <div class='ocr_carea' id='block_1_5' title="bbox 394 3706 1585 4322">
    <p class='ocr_par' dir='ltr' id='par_1_5' title="bbox 394 3706 1508 3970">
     <span class='ocr_line' id='line_1_35' title="bbox 538 3706 1508 3793; baseline -0.01 -17"><span class='ocrx_word' id='word_1_307' title='bbox 538 3715 729 3777; x_wconf 79' lang='lat' dir='ltr'>Adveniente</span> <span class='ocrx_word' id='word_1_308' title='bbox 758 3719 859 3778; x_wconf 88' lang='lat' dir='ltr'>autem</span> <span class='ocrx_word' id='word_1_309' title='bbox 891 3717 1029 3793; x_wconf 89' lang='lat' dir='ltr'>tempore</span> <span class='ocrx_word' id='word_1_310' title='bbox 1064 3716 1168 3792; x_wconf 83' lang='lat' dir='ltr'>partus</span> <span class='ocrx_word' id='word_1_311' title='bbox 1200 3712 1349 3776; x_wconf 88' lang='lat' dir='ltr'>antedicte</span> <span class='ocrx_word' id='word_1_312' title='bbox 1380 3706 1508 3775; x_wconf 88' lang='lat' dir='ltr'>mulieris</span> 
     </span>
     <span class='ocr_line' id='line_1_36' title="bbox 394 3797 1507 3884; baseline -0.008 -17"><span class='ocrx_word' id='word_1_313' title='bbox 394 3819 436 3867; x_wconf 79' lang='lat' dir='ltr'>em</span> <span class='ocrx_word' id='word_1_314' title='bbox 451 3803 569 3884; x_wconf 89' lang='lat' dir='ltr'>peperit</span> <span class='ocrx_word' id='word_1_315' title='bbox 601 3802 701 3865; x_wconf 91' lang='lat' dir='ltr'>filium</span> <span class='ocrx_word' id='word_1_316' title='bbox 733 3804 873 3882; x_wconf 89' lang='lat' dir='ltr'>pulcrum</span> <span class='ocrx_word' id='word_1_317' title='bbox 907 3805 936 3864; x_wconf 88' lang='lat' dir='ltr'>et</span> <span class='ocrx_word' id='word_1_318' title='bbox 966 3801 1173 3864; x_wconf 90' lang='lat' dir='ltr'>delectabilem</span> <span class='ocrx_word' id='word_1_319' title='bbox 1204 3819 1298 3882; x_wconf 89' lang='lat' dir='ltr'>super</span> <span class='ocrx_word' id='word_1_320' title='bbox 1327 3819 1393 3881; x_wconf 88' lang='lat' dir='ltr'>quo</span> <span class='ocrx_word' id='word_1_321' title='bbox 1422 3797 1507 3863; x_wconf 89' lang='lat' dir='ltr'>ambo</span> 
     </span>
     <span class='ocr_line' id='line_1_37' title="bbox 449 3885 1507 3970; baseline -0.005 -18"><span class='ocrx_word' id='word_1_322' title='bbox 449 3891 545 3970; x_wconf 90' lang='lat' dir='ltr'>gavisi</span> <span class='ocrx_word' id='word_1_323' title='bbox 569 3895 648 3952; x_wconf 88' lang='lat' dir='ltr'>sunt</span> <span class='ocrx_word' id='word_1_324' title='bbox 696 3892 731 3953; x_wconf 84' lang='lat' dir='ltr'>Et</span> <span class='ocrx_word' id='word_1_325' title='bbox 754 3894 985 3956; x_wconf 88' lang='lat' dir='ltr'>consummatus</span> <span class='ocrx_word' id='word_1_326' title='bbox 1013 3890 1123 3953; x_wconf 89' lang='lat' dir='ltr'>diebus</span> <span class='ocrx_word' id='word_1_327' title='bbox 1151 3890 1342 3970; x_wconf 88' lang='lat' dir='ltr'>purgationis</span> <span class='ocrx_word' id='word_1_328' title='bbox 1370 3885 1507 3959; x_wconf 88' lang='lat' dir='ltr'>mulieris,</span> 
     </span>
    </p>

    <p class='ocr_par' dir='ltr' id='par_1_6' title="bbox 395 3952 1585 4322">
     <span class='ocr_line' id='line_1_38' title="bbox 449 3952 1585 4059; baseline -0.004 -19"><span class='ocrx_word' id='word_1_329' title='bbox 449 3977 526 4040; x_wconf 92' lang='lat' dir='ltr'>dixit</span> <span class='ocrx_word' id='word_1_330' title='bbox 548 3995 606 4040; x_wconf 92' lang='lat' dir='ltr'>suo</span> <span class='ocrx_word' id='word_1_331' title='bbox 630 3980 750 4041; x_wconf 91' lang='lat' dir='ltr'>marito:</span> <span class='ocrx_word' id='word_1_332' title='bbox 775 3979 854 4043; x_wconf 84' lang='lat' dir='ltr'>Sede</span> <span class='ocrx_word' id='word_1_333' title='bbox 870 3980 920 4042; x_wconf 89' lang='lat' dir='ltr'>hic</span> <span class='ocrx_word' id='word_1_334' title='bbox 935 3998 1005 4042; x_wconf 91' lang='lat' dir='ltr'>cum</span> <span class='ocrx_word' id='word_1_335' title='bbox 1022 3997 1120 4059; x_wconf 91' lang='lat' dir='ltr'>puero</span> <span class='ocrx_word' id='word_1_336' title='bbox 1136 3984 1169 4041; x_wconf 91' lang='lat' dir='ltr'>ul</span> <span class='ocrx_word' id='word_1_337' title='bbox 1184 3979 1291 4042; x_wconf 92' lang='lat' dir='ltr'>vadam</span> <span class='ocrx_word' id='word_1_338' title='bbox 1313 3978 1352 4041; x_wconf 90' lang='lat' dir='ltr'>ad</span> <span class='ocrx_word' id='word_1_339' title='bbox 1369 3979 1507 4042; x_wconf 89' lang='lat' dir='ltr'>balneum</span> <span class='ocrx_word' id='word_1_340' title='bbox 1579 3952 1585 4035; x_wconf 35' lang='grc' dir='ltr'><em>Ὗ</em></span> 
     </span>
     <span class='ocr_line' id='line_1_39' title="bbox 449 4065 1506 4148; baseline -0.001 -19"><span class='ocrx_word' id='word_1_341' title='bbox 449 4072 478 4130; x_wconf 91' lang='lat' dir='ltr'>et</span> <span class='ocrx_word' id='word_1_342' title='bbox 509 4065 668 4129; x_wconf 88' lang='lat' dir='ltr'>mundabo</span> <span class='ocrx_word' id='word_1_343' title='bbox 700 4085 759 4130; x_wconf 77' lang='lat' dir='ltr'>me,</span> <span class='ocrx_word' id='word_1_344' title='bbox 814 4069 849 4130; x_wconf 84' lang='lat' dir='ltr'>Et</span> <span class='ocrx_word' id='word_1_345' title='bbox 878 4072 963 4148; x_wconf 91' lang='lat' dir='ltr'>patre</span> <span class='ocrx_word' id='word_1_346' title='bbox 994 4072 1168 4130; x_wconf 89' lang='lat' dir='ltr'>remanente</span> <span class='ocrx_word' id='word_1_347' title='bbox 1198 4086 1268 4131; x_wconf 90' lang='lat' dir='ltr'>cum</span> <span class='ocrx_word' id='word_1_348' title='bbox 1300 4085 1412 4148; x_wconf 88' lang='lat' dir='ltr'>puero,</span> <span class='ocrx_word' id='word_1_349' title='bbox 1446 4079 1506 4129; x_wconf 77' lang='lat' dir='ltr'>ecce</span> 
     </span>
     <span class='ocr_line' id='line_1_40' title="bbox 449 4152 1580 4240; baseline -0.006 -22"><span class='ocrx_word' id='word_1_350' title='bbox 449 4155 531 4219; x_wconf 90' lang='lat' dir='ltr'>venit</span> <span class='ocrx_word' id='word_1_351' title='bbox 561 4152 692 4217; x_wconf 88' lang='lat' dir='ltr'>nuncius</span> <span class='ocrx_word' id='word_1_352' title='bbox 723 4156 804 4234; x_wconf 91' lang='lat' dir='ltr'>regis</span> <span class='ocrx_word' id='word_1_353' title='bbox 833 4160 862 4218; x_wconf 91' lang='lat' dir='ltr'>et</span> <span class='ocrx_word' id='word_1_354' title='bbox 892 4156 1010 4219; x_wconf 90' lang='lat' dir='ltr'>vocavit</span> <span class='ocrx_word' id='word_1_355' title='bbox 1039 4174 1109 4218; x_wconf 89' lang='lat' dir='ltr'>eum</span> <span class='ocrx_word' id='word_1_356' title='bbox 1144 4157 1183 4218; x_wconf 93' lang='lat' dir='ltr'>ad</span> <span class='ocrx_word' id='word_1_357' title='bbox 1214 4175 1327 4240; x_wconf 91' lang='lat' dir='ltr'>regem.</span> <span class='ocrx_word' id='word_1_358' title='bbox 1374 4153 1509 4220; x_wconf 84' lang='lat' dir='ltr'>Habebat</span> <span class='ocrx_word' id='word_1_359' title='bbox 1578 4214 1580 4229; x_wconf 26' lang='lat' dir='ltr'><strong>s</strong></span> 
     </span>
     <span class='ocr_line' id='line_1_41' title="bbox 395 4240 1506 4322; baseline -0.004 -16"><span class='ocrx_word' id='word_1_360' title='bbox 395 4262 435 4306; x_wconf 83' lang='lat' dir='ltr'>roo</span> <span class='ocrx_word' id='word_1_361' title='bbox 449 4249 550 4306; x_wconf 88' lang='lat' dir='ltr'>autem</span> <span class='ocrx_word' id='word_1_362' title='bbox 583 4243 614 4300; x_wconf 90' lang='lat' dir='ltr'>in</span> <span class='ocrx_word' id='word_1_363' title='bbox 645 4240 741 4298; x_wconf 92' lang='lat' dir='ltr'>domo</span> <span class='ocrx_word' id='word_1_364' title='bbox 774 4258 879 4299; x_wconf 86' lang='lat' dir='ltr'>canem</span> <span class='ocrx_word' id='word_1_365' title='bbox 912 4242 974 4315; x_wconf 87' lang='lat' dir='ltr'>qui,</span> <span class='ocrx_word' id='word_1_366' title='bbox 1009 4258 1079 4300; x_wconf 90' lang='lat' dir='ltr'>cum</span> <span class='ocrx_word' id='word_1_367' title='bbox 1114 4242 1240 4305; x_wconf 88' lang='lat' dir='ltr'>vidisset</span> <span class='ocrx_word' id='word_1_368' title='bbox 1272 4249 1444 4322; x_wconf 90' lang='lat' dir='ltr'>serpentem</span> <span class='ocrx_word' id='word_1_369' title='bbox 1473 4241 1506 4303; x_wconf 89' lang='lat' dir='ltr'>de</span> 
     </span>
    </p>
   </div>
   <div class='ocr_carea' id='block_1_6' title="bbox 0 0 1769 5025">
    <p class='ocr_par' dir='ltr' id='par_1_7' title="bbox 0 0 1769 5025">
     <span class='ocr_line' id='line_1_42' title="bbox 0 0 1769 5025; baseline 0 0"><span class='ocrx_word' id='word_1_370' title='bbox 0 0 1769 5025; x_wconf 95' lang='lat' dir='ltr'> </span> 
     </span>
    </p>
   </div>
  </div>
 </body>
</html>
