3525 5025
704 496 925 554 ..39-

248 680 281 726 son
293 682 355 727 eum
377 684 443 731 esse
464 668 620 747 insanum,
644 672 673 731 et
693 668 751 730 nisi
771 668 824 731 tibi
840 672 871 731 et
884 668 946 732 tuis
966 666 1135 748 provideas,
1159 672 1250 748 orput
1270 668 1349 731 fuste

291 753 405 819 dolabit
440 757 490 821 Ad
507 758 569 821 hoc
584 757 759 821 eunuchus:
782 758 829 820 Tu
849 756 1048 834 benedicaris,
1071 756 1145 836 quia
1160 756 1257 821 modo
1272 757 1348 819 mihi

288 847 314 905 et
339 844 413 909 meis
445 846 631 927 providebo.
664 882 689 891 -
728 853 756 910 6.
779 846 907 910 Talibus
935 846 1024 909 dictis
1046 845 1179 909 Nedui
1209 845 1348 927 sequenti

288 931 333 995 die
346 936 479 1014 magistri
494 936 544 999 sui
561 939 676 999 secreto
692 936 815 999 forfices
829 935 1000 1000 abscondit
1039 934 1078 997 nt
1093 934 1208 999 incisor
1227 934 1349 999 forfices

286 1038 430 1099 quaerens
445 1030 475 1088 ei
490 1044 556 1088 non
578 1024 739 1089 inveniens
761 1024 861 1105 coepit
883 1028 993 1088 terram
1018 1022 1162 1087 manibus
1184 1028 1348 1105 percutere,

241 1114 313 1171 ovet
332 1111 392 1175 huc
414 1118 444 1175 et
466 1114 542 1177 illuc
564 1132 620 1194 per
641 1118 751 1176 terram
775 1114 918 1194 aspicere,
941 1117 971 1177 et
992 1130 1048 1176 sua
1070 1112 1144 1177 sede
1163 1130 1297 1193 surgere,
1321 1117 1350 1176 et

284 1215 438 1264 scamnum
463 1221 559 1283 super
574 1203 661 1283 quod
677 1202 801 1266 sedebat
824 1220 918 1265 manu
941 1218 1094 1265 amovere.
1133 1202 1218 1265 ilaec
1239 1201 1349 1265 videns

284 1291 441 1354 eunuchus
473 1292 572 1355 statim
597 1292 721 1355 clientes
744 1309 819 1356 suos
841 1292 968 1368 vocavit,
999 1290 1213 1372 praecepitque
1242 1290 1287 1354 eis
1316 1295 1350 1353 ut

285 1375 442 1442 incisorem
468 1382 605 1461 ligarent,
636 1387 665 1444 et
688 1400 727 1445 ne
749 1381 883 1460 aliquem
906 1381 1091 1458 verberaret,
1123 1378 1254 1460 graviter
1276 1397 1347 1443 eum

283 1466 432 1531 verberari
468 1470 567 1551 iussit.
624 1475 651 1535 7.
685 1470 799 1533 incisor
829 1486 904 1532 vero
938 1468 1094 1547 clamabat,
1129 1469 1169 1531 ita
1202 1468 1348 1531 dicendo:

237 1567 272 1613 rou
285 1553 366 1627 Quid
390 1558 526 1637 forefeci,
550 1563 584 1622 ut
606 1559 681 1639 quid
706 1577 755 1621 me
777 1558 890 1622 talibus
918 1558 1055 1637 affligitis
1081 1557 1282 1622 verberibus?
1313 1592 1340 1602 -

283 1642 319 1704 nt
350 1644 394 1708 illi
429 1648 531 1712 acrius
563 1648 755 1711 verberando
784 1648 931 1711 tacebant.
981 1646 1119 1722 Quando
1147 1650 1248 1709 autem
1278 1645 1349 1710 lassi

283 1730 405 1799 fuerunt
426 1736 620 1800 verberando
643 1754 772 1800 exosum
795 1737 873 1799 vitae
896 1737 1062 1801 solverunt.
1108 1735 1173 1810 Qui
1196 1735 1349 1817 respirans

284 1819 377 1902 longo
400 1826 550 1907 temporis
573 1826 730 1890 intervallo
754 1826 905 1906 quaesivit
930 1826 970 1888 ab
998 1825 1143 1889 eunucho
1164 1824 1242 1905 quid
1269 1824 1349 1888 fore·

284 1908 408 1976 fecisset.
452 1915 620 1979 Eunuchus
641 1916 681 1978 ad
705 1915 791 1979 haec:
816 1915 903 1978 Dixit
925 1913 1000 1977 milri
1024 1913 1156 1978 Nedui
1179 1913 1350 1994 discipulus

237 2012 272 2058 uo
285 2001 353 2064 tuus
376 2004 463 2083 quod
486 2021 577 2085 saepe
599 2004 755 2082 insanires,
779 2009 809 2067 et
824 2021 888 2067 non
905 2003 964 2067 nisi
979 2003 1110 2067 vinculis
1125 2007 1155 2066 et
1169 2002 1350 2066 verberibus

286 2097 435 2156 correctus
458 2112 602 2169 cessares;
627 2098 656 2157 et
678 2093 749 2157 ideo
772 2097 801 2155 te
825 2092 912 2173 ligari
935 2092 1020 2172 iussi.
1044 2128 1071 2137 —
1098 2097 1126 2156 8.
1152 2092 1222 2155 lioc
1243 2090 1350 2155 audito

286 2176 397 2244 incisor
425 2183 543 2247 vocavit
571 2182 692 2246 Nedui
723 2182 918 2263 discipulum,
950 2198 1052 2259 suum,
1084 2185 1114 2244 et
1139 2180 1192 2243 ait:
1225 2180 1348 2243 Amice!

288 2264 419 2339 Quando
436 2271 546 2336 novisti
560 2290 609 2334 me
625 2272 790 2335 insanum?
808 2306 834 2315 -
856 2270 905 2333 Ad
922 2270 997 2333 haec
1011 2269 1194 2351 discipulus:
1211 2268 1349 2343 Quando

288 2358 394 2421 novisti
418 2379 467 2423 me
490 2360 550 2423 mel
575 2378 638 2423 non
663 2360 847 2424 comedere?
879 2396 906 2405 —
939 2360 1107 2422 Eunuchus
1138 2362 1168 2422 et
1195 2358 1246 2421 alii
1275 2357 1349 2421 haec

242 2456 276 2504 ou
291 2446 442 2513 audientes
454 2450 585 2514 riserunt
599 2449 696 2528 valde,
717 2452 746 2513 et
757 2453 922 2530 utrumque
934 2448 1042 2513 merito
1054 2465 1170 2530 poenas
1181 2446 1350 2528 suscepisse

287 2532 498 2612 judicaverunt.

698 2628 792 2692 XXll.
842 2635 937 2694 1-3.

376 2743 400 2796 t.
422 2735 513 2799 Venit
535 2734 661 2815 quidam
691 2735 841 2816 joculator
870 2735 909 2798 ad
934 2752 1051 2815 regem,
1082 2751 1175 2814 quem
1206 2736 1347 2797 vocatum

290 2836 339 2884 rex
359 2841 426 2886 cum
449 2824 511 2887 alio
538 2823 704 2904 joculatore
732 2825 802 2887 iecit
828 2824 936 2887 sedere
957 2828 1049 2904 atque
1072 2822 1242 2887 comedere.
1287 2821 1348 2886 Sed

291 2911 339 2988 qui
369 2913 452 2994 prius
483 2917 607 2976 venerat
636 2913 787 2993 joculator
817 2912 917 2995 coepit
947 2912 1085 2976 invidere
1114 2910 1348 2993 supervenienti,

246 3009 375 3078 umquem
392 3021 443 3065 rex
466 3002 526 3065 sibi
548 3002 609 3082 jam
633 3002 828 3082 praeferebat,
852 3007 881 3064 et
903 3018 1013 3066 ornnes
1034 3000 1152 3064 aulitae.
1190 2999 1286 3074 Quod
1310 3018 1349 3063 ne

291 3086 409 3169 duraret,
432 3090 585 3172 pudorem
603 3091 645 3154 illi
661 3093 767 3170 facer'e,
791 3095 826 3155 ut
839 3092 883 3154 sic
898 3091 1002 3154 saltem
1019 3089 1175 3170 effugeret,
1199 3089 1348 3169 cogitavit

292 3180 436 3260 altaque
467 3181 673 3244 nescientibus
702 3181 769 3244 aliis
799 3199 868 3244 ossa
900 3180 1025 3243 latenter
1055 3180 1174 3260 primus
1200 3178 1350 3258 joculator

291 3268 479 3348 coordinavit,
510 3273 540 3332 et
561 3274 630 3333 ante
659 3270 777 3334 socium
802 3270 914 3350 posuit.
961 3268 1123 3349 finitoque
1155 3268 1286 3349 prandio
1316 3268 1348 3329 in

291 3358 485 3437 opprobrium
514 3358 589 3423 socii
620 3359 786 3440 conjectam
818 3363 932 3422 struem
964 3358 1080 3420 ossium
1114 3358 1178 3438 regi
1209 3355 1348 3434 ostendit,

247 3449 317 3506 unet
329 3447 507 3510 mordaciter
527 3448 641 3528 inquit:
666 3448 815 3511 Domine!
840 3447 950 3512 Socius
966 3464 1053 3510 meus
1068 3447 1209 3509 omnium
1231 3445 1348 3510 ossium

290 3537 453 3599 vestituram
478 3536 624 3601 comedit!
654 3573 680 3582 -
715 3545 743 3601 3.
768 3537 831 3606 Rex
861 3555 936 3600 vero
966 3535 1061 3599 torvis
1091 3536 1190 3599 oculis
1220 3534 1350 3615 respexit

291 3622 324 3683 ad
348 3643 424 3688 eum.
469 3626 636 3690 Accusatus
665 3631 766 3690 autem
799 3626 862 3706 regi
894 3626 947 3688 ait:
972 3626 1121 3688 Domine!
1170 3625 1238 3688 Feci
1262 3622 1348 3704 quod

292 3715 387 3777 natura
410 3715 545 3778 humana
568 3716 749 3795 requirebat.
797 3715 915 3779 Carnes
938 3714 1067 3792 comedi,
1091 3719 1120 3777 et
1144 3731 1214 3777 ossa
1236 3711 1348 3775 dimisi.

291 3798 389 3867 Socios
419 3822 495 3867 vero
519 3822 606 3867 meus
629 3805 698 3868 fecit
720 3805 806 3884 quod
830 3803 939 3868 canina
961 3803 1075 3867 scilicet
1101 3802 1274 3894 requirebat
1297 3818 1348 3862 na-

246 3892 356 3970 saotura,
380 3894 452 3973 quia
475 3893 609 3956 comedit
631 3911 736 3957 carnes
759 3898 788 3956 et
810 3911 890 3957 ossa.

686 4036 792 4100 xxllt.
842 4045 895 4099 1-
908 4042 936 4100 6.

372 4150 397 4204 1.
430 4142 567 4218 Quidam
599 4143 696 4206 homo
726 4143 833 4206 habuit
862 4143 1044 4220 virgultum,
1081 4139 1113 4198 in
1148 4157 1212 4215 quo
1243 4137 1349 4197 rivulis

288 4227 448 4294 fluentibus
478 4231 575 4296 herba
604 4230 711 4292 viridis
741 4233 815 4304 erat,
852 4233 882 4289 et
911 4243 970 4304 pro
999 4223 1152 4283 habilitate
1186 4220 1244 4279 loci
1275 4236 1348 4276 con-
