3525 5025
649 552 690 561 -
739 488 869 581 29..

220 697 338 761 ostium
362 695 393 757 in
418 696 542 758 introitu
567 694 664 757 mariti
689 694 769 757 filiae
791 713 865 758 suae
888 695 991 759 stricto
1014 694 1119 775 gladio
1134 699 1232 773 staret,
1254 701 1291 773 et,

219 787 246 851 si
271 784 390 865 aliquid
415 785 540 847 maritus
563 784 590 847 ei
606 785 790 865 loqueretur,
815 784 890 845 nihil
908 784 1115 865 responderet.
1158 790 1186 848 ³.
1212 784 1294 847 Fecit

219 880 256 938 ut
277 874 416 953 jusserat.
455 873 609 953 Ostioque
624 877 729 953 aperto
745 878 779 936 ut
794 872 881 935 illum
899 873 1025 935 maritus
1040 873 1085 936 sic
1106 876 1185 936 stare
1207 873 1291 949 vidit,

172 985 206 1029 no
220 962 358 1027 substitit
371 961 489 1026 dicens:
510 962 599 1040 Quis,
620 962 727 1042 inquit,
743 966 775 1025 tu
792 963 847 1025 es?
869 998 895 1006 -
916 961 991 1036 Quo
1007 979 1071 1025 non
1088 962 1293 1043 respondente
1403 1039 1408 1049 Ι

220 1070 322 1133 quum
347 1052 481 1131 primum
505 1051 727 1132 obstupuisset,
756 1055 829 1114 tunc
857 1051 955 1131 magis
982 1050 1105 1115 obstuit.
1154 1052 1190 1114 Et
1212 1052 1294 1115 intus

220 1141 336 1205 vetula:
368 1140 449 1203 Care
470 1157 572 1220 gener,
602 1144 673 1216 tace,
705 1157 744 1203 ne
767 1140 878 1220 aliquis
900 1145 929 1203 te
951 1139 1070 1202 audiat!
1103 1175 1130 1183 —
1161 1139 1295 1204 adhoc

219 1231 275 1293 ille
298 1229 397 1309 magis
420 1229 547 1292 mirans:
582 1228 669 1304 Quid
693 1229 752 1292 hoc
775 1233 827 1304 est,
856 1228 963 1309 inquit,
987 1247 1055 1291 cara
1077 1228 1227 1292 domina?
1250 1262 1294 1273 -

219 1321 314 1382 Tunc
329 1317 441 1381 vetula:
467 1318 554 1381 Bone
569 1318 622 1396 fili,
642 1323 788 1381 venerant
803 1318 864 1381 huc
879 1322 938 1381 tres
955 1322 1172 1399 persequentes
1188 1318 1277 1381 istum
1286 1339 1294 1395 ;

171 1428 203 1474 un
220 1414 253 1472 et
277 1424 337 1471 nos
359 1411 464 1488 aperto
487 1407 566 1472 ostio
583 1407 665 1471 hunc
680 1425 751 1470 cum
767 1405 872 1486 gladio
888 1424 947 1470 suo
963 1407 1073 1470 intrare
1090 1407 1294 1488 permisimus,

218 1497 327 1560 donec
353 1496 545 1559 discederent
574 1495 627 1576 qui
659 1496 745 1559 illum
777 1495 947 1558 interficere
973 1496 1126 1560 volebant.
1175 1504 1205 1559 4.
1230 1495 1294 1571 Qui

220 1603 311 1649 nunc
333 1586 444 1648 timens
466 1590 496 1648 te
518 1584 652 1665 aliquem
676 1604 713 1648 ex
737 1584 796 1647 iltis
819 1603 899 1662 esse,
930 1584 1117 1665 stupefactus
1140 1584 1216 1648 nihil
1240 1585 1294 1647 tibi

220 1674 394 1755 respondit
426 1710 452 1717 -
485 1675 521 1737 Et
542 1674 595 1737 ait:
620 1674 702 1737 Bene
726 1674 846 1756 habeaS,
870 1673 1010 1751 domina,
1034 1674 1106 1754 quia
1129 1674 1214 1737 hunc
1237 1675 1297 1737 hoc

219 1764 325 1827 modo
348 1763 479 1826 liberasti
503 1782 521 1825 a
544 1767 651 1826 morte.
677 1799 702 1807 -
733 1764 769 1825 Et
791 1763 940 1826 introiens
962 1762 1123 1827 advocavit
1144 1763 1293 1826 amasium

172 1874 202 1919 uo
219 1853 333 1917 uxoris
359 1870 445 1929 suae,
473 1856 502 1916 et
528 1870 633 1916 secum
661 1870 732 1915 eum
760 1851 868 1915 sedere
895 1852 972 1915 fecit
1017 1851 1130 1932 Sicque
1151 1851 1296 1916 dulcibus

217 1942 371 2021 alloquiis
392 1940 553 2003 delinitum
577 1940 655 2004 circa
678 1944 799 2004 noctem
823 1941 906 2004 exire
928 1940 1053 2005 dimisit.

672 2120 751 2184 xltl.
801 2123 897 2183 1-5.

321 2252 346 2306 1.
371 2244 435 2314 Rex
458 2244 584 2325 quidam
609 2244 716 2308 habuit
739 2244 939 2308 fabulatorem
964 2261 1065 2321 suum,
1090 2243 1143 2323 qui
1167 2243 1297 2323 singulis

219 2334 371 2398 noctibus
394 2333 533 2414 quinque
556 2332 616 2397 sibi
640 2351 762 2396 narrare
783 2332 903 2397 fabulas
918 2336 1125 2395 consueverat.
1158 2331 1298 2413 Contigit

217 2422 351 2487 tandem
375 2422 461 2503 quod
486 2441 538 2485 rex
561 2422 643 2486 curis
665 2422 852 2502 quibusdam
876 2421 1024 2485 sollicitus
1047 2420 1175 2485 minime
1196 2426 1299 2502 posset

171 2533 203 2579 15
220 2513 375 2590 dormire,
410 2513 575 2594 pluresque
609 2513 701 2576 solito
736 2510 885 2594 quaesivit
918 2510 1025 2575 audire
1059 2510 1187 2576 fabulas.
1236 2511 1298 2574 llle

218 2607 330 2666 autem
361 2606 422 2665 tres
452 2620 545 2683 super
575 2602 651 2665 haec
673 2601 823 2665 enarravit
843 2600 899 2664 sed
923 2618 1039 2681 parvas.
1087 2608 1115 2662 2.
1139 2600 1299 2675 Quaesivit

220 2712 280 2755 rex
302 2690 394 2754 etiam
418 2690 529 2772 plures.
569 2690 620 2754 llle
643 2709 717 2754 vero
742 2689 915 2753 nullatenus
930 2689 1036 2754 voluit
1075 2689 1201 2752 Dixerat
1215 2689 1297 2751 enim

218 2783 287 2861 jam
312 2780 392 2844 sicut
412 2780 531 2859 jussum
555 2780 653 2843 fuerat
667 2779 726 2843 sibi
743 2779 862 2843 multas.
902 2778 951 2842 nd
968 2778 1043 2841 haec
1057 2797 1122 2841 rex:
1147 2777 1299 2841 Plurimas

218 2872 286 2950 jam
312 2869 439 2933 narrasti
463 2868 518 2933 sed
542 2868 749 2946 brevissimas,
777 2867 888 2931 vellem
912 2885 987 2932 vero
1016 2871 1045 2930 te
1075 2866 1209 2947 aliquam
1234 2884 1298 2928 rem

171 2980 202 3025 ao
223 2964 366 3036 narrare,
394 2975 474 3038 quae
501 2958 604 3021 multis
628 2957 815 3039 producatur
837 2957 953 3034 verbis,
981 2961 1010 3019 et
1036 2956 1080 3019 sic
1107 2959 1136 3018 te
1163 2955 1299 3019 dormire

221 3048 410 3130 permittam.
434 3083 479 3092 —
501 3046 663 3111 concessit
685 3046 845 3123 fabulator,
868 3045 965 3108 etsie
987 3044 1112 3126 incepit:

218 3180 221 3184 ·
321 3161 349 3218 3.
374 3155 445 3218 Erat
466 3154 593 3234 quidam
617 3154 756 3232 rusticus,
779 3154 833 3233 qui
853 3153 937 3216 mille
952 3151 1071 3216 solidos
1087 3151 1201 3216 habuit
1241 3151 1300 3214 liic

220 3248 330 3308 autem
367 3242 399 3306 in
435 3243 641 3324 negotiatione
679 3242 878 3324 proficiscens
912 3242 1101 3322 comparavit
1135 3241 1183 3305 bis
1217 3241 1300 3303 mille

221 3352 317 3412 oves,
353 3332 495 3412 singulos
529 3351 582 3396 sex
617 3330 758 3396 denariis.
812 3331 930 3395 Accidit
962 3348 1000 3394 eo
1037 3330 1184 3394 redeunte
1214 3329 1300 3409 quod

171 3443 201 3490 ae
222 3441 345 3504 magna
367 3421 528 3484 inundatio
551 3439 700 3502 aquarum
724 3424 934 3484 succresceret.
981 3418 1045 3494 Qui
1073 3437 1171 3499 quum
1200 3437 1301 3499 neque

220 3530 284 3594 per
307 3512 423 3574 vadum
448 3528 548 3591 neque
572 3529 627 3592 per
642 3513 768 3591 pontem
785 3509 913 3573 transire
928 3512 1039 3589 posset,
1063 3508 1138 3572 abiit
1152 3508 1300 3572 sollicitus

219 3618 382 3682 quaerens
413 3618 477 3680 quo
505 3617 575 3663 cum
607 3600 719 3663 ovibus
749 3599 813 3662 suis
842 3597 996 3662 transvehi
1027 3600 1138 3678 posset.
1184 3597 1303 3660 lnvenit

219 3690 355 3754 tandem
379 3689 521 3769 exiguam
546 3688 725 3766 naviculam,
749 3692 779 3750 et
801 3687 976 3751 necessitate
996 3690 1118 3750 coactus
1134 3685 1211 3749 duas
1227 3703 1302 3748 oves

219 3781 397 3860 imponens
418 3797 530 3858 aquam
553 3776 677 3842 transiit
701 3812 745 3822 —

171 3910 197 3957 ιο
324 3895 353 3950 4.
380 3886 438 3949 liis
453 3885 543 3949 dictis
557 3883 710 3948 fabulator
725 3882 924 3947 obdormivit.
965 3882 1029 3951 Rex
1043 3880 1197 3962 siquidem
1214 3879 1301 3942 illum

218 3977 379 4054 excitam,
414 3979 448 4039 ut
480 3974 616 4038 fabulam
651 3991 744 4054 quam
780 3973 933 4053 inceperat
966 3971 1070 4035 finiret
1100 3969 1302 4034 commonuit.

221 4065 399 4132 fabulator
420 4064 459 4128 ad
484 4065 570 4127 haec:

323 4174 353 4235 5.
379 4171 502 4234 Fluctus
525 4171 575 4233 ille
599 4187 731 4250 magnus
753 4171 810 4246 est,
841 4168 981 4230 navicula
1010 4171 1112 4229 autem
1143 4183 1243 4246 parva,
1275 4168 1304 4226 et

218 4281 305 4345 grex
330 4260 437 4325 ovium
454 4259 696 4323 innumerabilis.
733 4257 876 4320 Permitte
899 4274 973 4336 ergo
989 4253 1303 4336 supradictumrusti-
