3525 5025
680 549 921 607 -117-

289 722 379 785 ditexit
405 728 432 785 et
460 723 661 786 elemosinam
693 740 751 802 pro
780 722 847 785 eius
876 738 981 785 amore
1011 720 1114 801 sepius
1144 720 1237 784 dedit.
1283 720 1331 785 ab

242 830 267 875 so
290 812 419 875 omnibus
441 817 502 875 erat
524 812 641 887 dilecta,
670 812 743 891 quia
765 816 827 874 erat
853 810 1001 874 omnibus
1022 810 1168 890 graciosa.
1214 809 1332 873 Accidit

288 920 342 963 vna
367 906 456 977 nocte,
489 900 576 981 quod
607 901 767 964 confessor
795 900 861 963 eius
892 918 994 963 coram
1031 899 1106 963 lecto
1136 916 1218 978 genu
1250 898 1331 964 itexo

288 990 435 1070 quinquies
464 991 529 1053 Ave
560 990 657 1051 Maria
691 990 776 1052 beate
810 988 921 1069 virgini
956 988 1075 1052 diceret
1120 986 1270 1069 Apparuit
1303 989 1330 1051 ei

288 1079 362 1141 beata
390 1079 475 1158 virgo
506 1084 535 1142 et
564 1080 616 1141 ait:
654 1078 850 1156 „Karissime,
886 1096 945 1158 ego
979 1095 1047 1141 sum
1082 1076 1181 1158 [virgo
1213 1076 1330 1157 Marial.

288 1168 384 1231 Habeo
411 1169 464 1231 tibi
495 1168 598 1247 aliqua
626 1168 793 1247 proferre.u
841 1165 1012 1230 Contessor
1042 1166 1108 1229 eius
1139 1165 1265 1245 gauisus
1288 1172 1332 1230 est

241 1276 264 1321 uu
287 1258 363 1320 valde
384 1262 411 1320 et
432 1258 484 1320 ait:
523 1256 610 1334 „oia
642 1256 769 1319 domina
791 1256 956 1332 karissima,
985 1273 1077 1319 seruo
1100 1259 1162 1333 tuo,
1193 1274 1254 1335 que
1277 1254 1330 1319 tibi

286 1347 422 1425 placent«
472 1346 544 1420 Que
573 1347 625 1408 ait:
661 1346 798 1425 „Regina
832 1345 917 1409 istius
952 1345 1037 1425 regni
1072 1344 1125 1407 tibi
1161 1344 1330 1408 confitetur.

285 1436 386 1498 Tamen
420 1454 516 1498 vnum
553 1439 708 1516 peccatum
740 1435 906 1511 commisit,
940 1433 1026 1514 quod
1058 1451 1131 1497 non
1152 1433 1244 1496 audet
1278 1452 1332 1515 pre

286 1525 367 1587 nimia
395 1524 579 1588 verecundia
609 1524 663 1587 tibi
693 1523 836 1605 pandere.
886 1522 945 1586 Die
974 1541 1048 1585 vero
1080 1522 1209 1586 crastina
1236 1522 1275 1584 ad
1303 1526 1331 1587 te

285 1614 371 1676 veniet
385 1633 475 1678 causa
491 1613 704 1677 confessionis.
745 1612 804 1676 Dic
818 1631 855 1675 ex
871 1617 954 1693 parte
970 1630 1045 1689 mea,
1068 1611 1154 1691 quod
1171 1611 1331 1675 elimosine

241 1720 331 1766 nosue
351 1708 378 1766 et
399 1704 560 1767 oraciones
589 1707 661 1765 sunt
690 1706 858 1782 presentate
886 1701 916 1763 in
945 1705 1109 1781 conspectu
1141 1700 1196 1762 tilii
1221 1700 1280 1764 mei
1304 1704 1332 1764 et

284 1797 396 1873 accepte,
434 1797 463 1855 et
502 1792 562 1870 (BL
596 1793 658 1870 tr.)
698 1791 783 1872 quod
822 1790 1001 1854 confiteatur
1041 1789 1080 1852 de
1118 1788 1171 1853 illo
1210 1794 1331 1870 peccato

284 1882 357 1960 qnod
379 1883 497 1962 priuate
530 1881 560 1942 in
585 1899 702 1944 camera
724 1898 780 1943 sua
802 1878 969 1957 commisit,
1001 1878 1074 1958 quia
1101 1877 1207 1959 rogaui
1232 1877 1330 1942 titium

284 1989 373 2033 meum
403 1989 462 2052 pro
493 1988 529 2032 ea
566 1973 595 2032 et
625 1970 785 2032 remissum
817 1973 862 2031 est
892 1968 918 2031 ei
950 1973 1114 2048 peceatum,
1145 1968 1171 2032 si
1202 1967 1333 2031 voluerit

284 2060 416 2122 confiteri.
467 2059 498 2123 Si
530 2077 604 2121 vero
634 2058 722 2121 dictis
755 2058 815 2121 tuis
849 2057 982 2120 noluerit
1015 2056 1218 2137 acquiescere,
1257 2074 1333 2137 roga

242 2162 353 2224 meam,
399 2154 432 2211 vt
473 2148 663 2229 cyrothecam
703 2147 742 2209 de
783 2165 876 2210 manu
920 2164 976 2210 sua
1019 2146 1140 2209 sinistra
1183 2145 1331 2225 deponat!

284 2238 314 2299 Et
332 2238 360 2300 in
383 2238 485 2319 palma
509 2235 575 2299 eius
597 2241 752 2316 peccatum
780 2254 872 2299 suum
896 2236 1096 2299 commissum
1121 2238 1149 2297 et
1172 2252 1235 2297 non
1260 2252 1332 2298 con·

284 2325 384 2389 tessum
409 2326 540 2390 videbis.
587 2325 619 2388 Si
643 2325 775 2388 noluerit
801 2325 992 2405 cyrothecam
1017 2324 1180 2404 deponere,
1212 2324 1241 2386 vi
1265 2341 1331 2386 eam

283 2417 426 2479 extrahet¹¹
486 2416 556 2478 Hiis
589 2414 677 2477 dictis
711 2415 797 2477 beata
825 2414 914 2494 virgo
949 2413 1082 2477 euanuit.
1136 2414 1229 2475 Mane
1259 2431 1332 2475 vero

283 2506 375 2584 regina
396 2505 469 2569 satis
493 2503 647 2568 humiliter
673 2503 875 2568 confitebatur
898 2503 936 2568 de
960 2502 1107 2567 omnibus
1130 2506 1255 2583 excepto
1279 2500 1332 2565 illo

242 2600 400 2672 nupeccato.
436 2595 518 2658 Cum
542 2598 642 2657 autem
667 2594 772 2657 omnia
794 2593 926 2672 dixisset,
950 2611 1011 2672 que
1033 2593 1060 2655 ei
1085 2593 1270 2673 placuerunt,
1293 2591 1334 2655 ait

282 2685 440 2748 confessor:
467 2683 625 2749 „Domina
641 2688 670 2745 et
684 2682 748 2745 iilia
766 2683 930 2759 karissima,
955 2682 1041 2744 multi
1066 2681 1160 2744 multa
1183 2681 1332 2757 locuntur,

283 2790 365 2850 quare
387 2792 510 2854 semper
526 2773 557 2834 in
582 2790 675 2835 manu
692 2772 812 2835 sinistra
828 2772 1018 2852 cyrothecam
1036 2774 1147 2851 portas.
1182 2769 1334 2833 Audacter

283 2863 363 2924 michi
386 2881 514 2925 manum
538 2861 690 2938 extendas,
714 2866 745 2924 vt
768 2861 884 2941 possim
908 2860 1020 2937 videre,
1050 2859 1075 2922 si
1100 2859 1187 2922 lateat
1208 2857 1332 2938 aliquid,

283 2951 359 3028 quod
385 2951 446 3015 deo
478 2969 541 3014 non
573 2951 721 3031 placeat!u
769 2951 808 3013 At
835 2950 898 3012 illa:
933 2948 1096 3026 „Domina
1130 2965 1238 3010 manus
1266 2965 1333 3010 mea

243 3051 347 3102 ursana
369 3060 432 3104 non
456 3045 508 3118 est,
540 3044 570 3102 et
592 3041 663 3103 ideo
691 3058 757 3103 eam
782 3039 836 3102 tibi
860 3039 1021 3102 ostendere
1051 3037 1153 3101 noio.u
1203 3037 1255 3099 ille
1278 3036 1333 3099 hec

282 3129 398 3192 audiens
432 3149 487 3210 per
518 3129 677 3192 brachium
709 3147 775 3191 eam
807 3129 921 3209 accepit
955 3133 984 3190 et
1010 3132 1114 3190 contra
1147 3125 1331 3189 voluntatem

283 3214 341 3280 eius
372 3220 562 3299 cyrotheoam
593 3218 737 3281 abstraxit
766 3223 796 3280 et
824 3218 876 3280 ait:
915 3255 928 3282 η
936 3216 1079 3293 Domina,
1115 3215 1178 3278 noli
1213 3215 1331 3278 timeret

284 3305 363 3369 Beata
386 3308 482 3388 virgo,
506 3327 568 3387 que
590 3311 619 3370 te
642 3308 748 3370 intime
771 3307 877 3386 diligit,
902 3306 995 3369 michi
1019 3305 1160 3386 precepit,
1184 3305 1244 3368 hoc
1267 3323 1333 3384 per-

283 3399 414 3470 petrare.a
448 3397 530 3460 Cum
558 3414 633 3460 vero
660 3415 786 3459 manum
813 3399 947 3476 apertam
964 3394 1096 3472 vidisset,
1112 3393 1188 3456 vidit
1203 3398 1334 3472 quatuor

244 3483 402 3549 murculos
424 3486 610 3565 sanguineos
631 3505 667 3549 ac
691 3485 849 3549 rotundos.
890 3485 924 3547 Et
947 3485 978 3546 in
1003 3485 1104 3565 pn'mo
1120 3483 1234 3546 circuio
1251 3489 1334 3544 erant

286 3579 404 3649 quatuor
433 3575 605 3653 CCCC,
641 3576 671 3636 in
702 3573 840 3638 secundo
874 3573 988 3637 circulo
1018 3573 1057 3636 lV
1081 3570 1266 3648 DDDD,
1302 3571 1332 3633 in

285 3662 365 3726 tercio
387 3665 502 3728 circuio
519 3666 558 3729 tV
582 3666 614 3727 M
632 3666 664 3727 M
682 3665 715 3725 Μ
732 3665 779 3742 Μ,
804 3664 835 3726 in
857 3667 965 3743 quarto
986 3661 1100 3725 circulo
1117 3662 1156 3725 tV
1173 3659 1199 3729 R
1216 3659 1242 3729 R
1258 3659 1284 3729 R
1300 3659 1333 3730 R.

287 3747 316 3810 Et
335 3752 363 3814 in
386 3755 511 3817 circuitu
535 3753 719 3817 circulorum
735 3753 774 3815 ad
794 3753 923 3816 modum
948 3751 1038 3831 sigilli
1063 3755 1125 3813 erat
1147 3749 1213 3812 talis
1229 3767 1334 3829 super-

187 3920 188 3925 *
286 3838 400 3921 scripcio
435 3843 543 3906 rubea:
586 3842 688 3908 „Casu
720 3841 863 3905 Cecidisti
900 3841 1001 3904 Carne
1033 3840 1154 3916 Cecata;
1199 3839 1333 3902 Demoni

248 3934 277 3981 125
290 3924 392 3993 Dedisti
418 3933 510 3995 Dona
534 3932 656 4009 Dotata;
681 3933 830 3994 Monstrat
853 3929 1014 3993 Manifesta
1037 3930 1150 3991 Manus
1173 3928 1333 4003 Maculam

288 4011 404 4082 Recedet
420 4020 544 4101 Rubigo
562 4020 678 4100 Regina
695 4019 838 4100 Rogata.¹¹
878 4019 1015 4082 Domina
1030 4036 1099 4081 cum
1124 4018 1181 4079 hec
1203 4016 1334 4093 vidisset,

187 4126 188 4159 1
288 4103 320 4164 ad
340 4108 429 4187 pedes
451 4110 637 4174 confessoris
658 4109 765 4172 cecidit
787 4113 816 4171 et
838 4127 908 4172 cum
933 4107 1064 4169 lacrimis
1087 4105 1158 4168 satis
1181 4105 1335 4167 humiliter

288 4195 472 4262 confitebatur
494 4200 533 4261 de
563 4200 617 4262 illo
644 4202 775 4279 peccato.
820 4198 951 4275 Accepta
976 4194 1177 4258 absolucione
1199 4197 1228 4254 et
1250 4190 1334 4271 peni-

187 4288 188 4327 t
289 4280 370 4346 tencia
396 4288 547 4368 completa
576 4287 654 4349 inira
685 4302 798 4364 paucos
822 4284 888 4343 dies
918 4281 1108 4342 obdormiuit
1138 4280 1169 4337 in
1194 4279 1332 4336 domino.
