3525 5025
795 523 1041 582 -184-

383 696 517 774 dederat,
550 702 581 760 et
608 714 672 778 que
699 712 794 778 supra
827 696 926 778 posita
955 701 1036 760 sunt
1080 696 1177 773 Quod
1208 715 1280 761 cum
1309 697 1458 774 audisset,

328 803 372 852 α
386 786 497 851 relictis
517 785 675 863 omuibus,
697 785 752 850 ivit
774 785 915 864 Romam,
942 785 1086 866 ingerens
1107 803 1141 850 se
1163 785 1327 867 quomodo
1350 792 1459 868 posset

275 939 285 956 ,
384 874 525 940 confini
555 893 636 956 pepe
662 874 854 938 multociens
899 873 949 938 nd
972 874 1123 953 ultimum,
1154 875 1185 938 in
1216 874 1350 956 quadam
1381 893 1456 956 pro

383 963 531 1041 mione,
554 981 611 1045 pet
631 961 727 1045 pedes
749 981 823 1028 eum
841 962 956 1046 arripit,
979 961 1086 1030 dicens
1101 963 1187 1044 quod
1203 963 1290 1045 prius
1304 981 1338 1027 se
1353 964 1454 1029 occidi

383 1053 570 1134 permitteret
598 1071 693 1134 quam
723 1070 789 1117 non
820 1052 1000 1133 loqueretur
1029 1053 1066 1116 ei.
1112 1052 1186 1132 Qui,
1217 1070 1288 1117 cum
1318 1052 1457 1118 audisset

383 1159 466 1218 eum,
489 1142 573 1206 misit
592 1159 666 1205 eum
687 1139 728 1205 ad
750 1141 919 1223 quemdam
942 1145 1080 1206 sanctum
1105 1141 1272 1220 inclusum;
1303 1142 1356 1223 qui
1381 1160 1476 1206 cum·

328 1249 371 1296 sto
386 1231 417 1294 in
440 1231 534 1295 missa
554 1248 612 1294 sua
634 1235 755 1311 rogaret
770 1230 945 1296 Dominum
964 1229 1052 1311 quod
1076 1231 1228 1295 intimaret
1249 1248 1342 1311 quarn
1367 1231 1455 1313 peni-

383 1320 514 1384 tenciam
545 1320 573 1384 ei
604 1319 787 1401 injungeret,
820 1319 895 1402 quia
924 1319 1088 1401 perplexus
1114 1323 1179 1383 erat
1207 1320 1248 1384 de
1279 1319 1339 1386 hoc
1364 1319 1454 1400 quod

384 1409 496 1473 tadum
527 1409 596 1489 ejus
624 1407 769 1485 audierat,
803 1408 931 1472 mittitur
960 1408 988 1471 ei
1023 1426 1080 1490 per
1109 1408 1285 1472 columbam
1317 1408 1454 1489 quedam

383 1503 472 1576 carta,
503 1497 537 1561 in
566 1515 629 1578 qua
657 1502 722 1562 erat
746 1498 895 1579 scriptum
925 1495 1012 1577 quod
1048 1497 1134 1561 daret
1162 1498 1190 1561 ei
1220 1498 1252 1560 in
1283 1497 1455 1578 penitencia

383 1587 471 1668 quod
493 1586 535 1651 de
555 1593 657 1652 cetero
679 1604 744 1652 uon
768 1587 946 1666 loqueretur
969 1586 1027 1650 nisi
1044 1585 1084 1650 de
1106 1586 1232 1650 licencia
1246 1586 1317 1650 dicti
1334 1586 1454 1664 inclusi,

328 1695 371 1742 su
385 1675 472 1756 quod
494 1675 612 1740 fatuum
635 1693 670 1740 se
690 1675 810 1753 iaceret,
839 1678 870 1739 et
897 1675 1025 1755 injurias
1051 1675 1111 1740 sibi
1139 1675 1234 1740 illabs
1256 1694 1274 1739 a
1297 1675 1403 1756 pueris
1425 1681 1456 1740 et

383 1765 452 1828 aliis
473 1765 533 1830 sibi
557 1766 711 1847 pacienter
732 1768 873 1846 portaret,
896 1767 927 1828 et
941 1765 1028 1845 quod
1051 1764 1091 1827 de
1114 1768 1214 1828 cetero
1229 1781 1300 1828 cum
1324 1765 1454 1828 canibus

381 1854 500 1933 iaceret,
522 1859 554 1918 et
575 1871 640 1918 non
663 1852 839 1918 comederet
853 1853 912 1917 nisi
931 1852 1039 1933 [quod]
1057 1853 1097 1918 ab
1113 1853 1158 1917 eis
1172 1853 1312 1918 auferret
1347 1853 1453 1929 Quam

381 1960 455 2006 curu
491 1942 627 2019 audiret,
663 1943 779 2023 accepit
816 1941 1020 2024 penitenciam
1056 1942 1138 2006 illam
1174 1945 1327 2022 gratanter
1364 1942 1452 2023 quasi

383 2048 499 2096 munus
519 2048 539 2094 a
563 2031 633 2096 Deo
655 2031 715 2095 sibi
738 2031 878 2109 missum,
901 2031 1082 2112 promittens
1098 2035 1132 2094 ut
1147 2031 1226 2094 hanc
1249 2030 1452 2111 penitenciam

327 2139 370 2186 sno
383 2125 619 2185 consummaret
664 2120 789 2185 Tonsus
810 2123 844 2183 ut
869 2119 972 2183 fatuus
994 2121 1034 2185 ab
1056 2119 1211 2197 heremita,
1240 2119 1294 2182 ivit
1315 2119 1355 2182 ad
1379 2119 1452 2184 civi-

382 2214 472 2274 utem
502 2209 632 2290 regiam;
662 2209 823 2289 inscqutus
843 2227 863 2272 a
885 2209 998 2290 pueris,
1028 2207 1165 2273 ascendit
1193 2208 1295 2272 aulam
1327 2208 1452 2288 regiam,

382 2304 500 2380 pugnat
520 2316 593 2362 cum
615 2298 753 2377 canibus,
776 2298 855 2379 rapit
868 2316 905 2361 ea
920 2315 982 2378 que
997 2297 1041 2362 eis
1064 2297 1257 2378 proiciuntur
1278 2297 1318 2361 ab
1342 2315 1451 2362 eorum

382 2386 540 2465 dentibus;
570 2387 699 2452 curiales
728 2386 919 2468 proiciebant
948 2404 1019 2450 ossa
1041 2390 1071 2450 et
1092 2386 1151 2450 alia
1173 2387 1226 2466 eis,
1257 2390 1291 2450 ut
1313 2386 1454 2450 viderent

382 2493 520 2558 pugnam
542 2476 610 2557 ejus
632 2482 663 2541 et
683 2494 804 2541 canum.
839 2475 923 2541 Cum
938 2480 1040 2540 autem
1064 2493 1117 2540 rex
1139 2473 1343 2557 perpenderet
1366 2475 1453 2557 quod

326 2582 370 2629 sco
383 2564 469 2630 aliter
490 2583 555 2631 non
578 2566 669 2630 vellet
690 2565 853 2630 comedere
882 2566 942 2629 nisi
971 2566 1158 2647 proiceretur
1189 2565 1326 2645 canibus,
1358 2565 1453 2629 multa

381 2655 427 2719 eis
449 2654 624 2735 proiciebat,
651 2660 686 2718 ut
707 2654 759 2717 iile
781 2672 875 2735 quern
903 2654 1022 2718 fatuum
1045 2653 1189 2719 credebat
1211 2671 1247 2717 ea
1268 2654 1452 2719 comederet.

382 2744 515 2809 Nolebat
544 2743 643 2823 iacere
670 2744 729 2807 nisi
759 2762 831 2807 curn
859 2743 989 2808 canibus
1018 2744 1079 2808 sub
1109 2742 1267 2823 gradibus,
1297 2743 1352 2807 ubi
1384 2761 1453 2825 per-

382 2834 523 2898 noctabat
545 2832 577 2896 in
601 2832 673 2896 tletu
697 2836 727 2896 et
749 2832 905 2898 oracione.
939 2832 1003 2902 Rex
1025 2837 1136 2912 autem,
1160 2832 1292 2896 multum
1315 2831 1343 2894 ei
1368 2850 1453 2897 com·

382 2922 513 3003 paciens,
544 2939 609 2986 non
635 2921 756 2986 sinebat
776 2939 849 2985 eum
873 2921 1036 2986 molestari.
1082 2920 1165 2986 Cum
1195 2925 1297 2985 autem
1330 2921 1452 2985 barbari

327 3011 533 3075 minuerent
554 3014 661 3075 contra
682 3028 796 3091 regem,
820 3028 952 3091 regnum
975 3010 1122 3075 vastando
1146 3010 1232 3088 illud,
1255 3014 1286 3073 et
1307 3027 1360 3074 rex
1381 3028 1452 3076 curn

382 3099 447 3163 suis
469 3100 666 3181 processisset
686 3100 726 3163 ad
750 3099 891 3180 prelium,
921 3105 951 3165 et
974 3100 1127 3172 Robertus
1155 3099 1286 3163 muitum
1315 3100 1345 3163 ei
1368 3118 1453 3164 com-

382 3192 534 3269 pateretur
562 3192 593 3252 et
621 3194 721 3254 oraret
750 3205 808 3269 pro
838 3206 886 3265 eo,
920 3190 1062 3271 apparuit
1092 3189 1120 3252 ei
1150 3189 1280 3269 angelus
1312 3187 1451 3267 Domini,

382 3276 488 3341 dicens
510 3281 544 3340 ut
565 3296 600 3341 se
621 3281 808 3358 sequeretur,
830 3282 861 3342 et
882 3278 1032 3360 acciperet
1054 3296 1139 3342 arma
1153 3277 1213 3342 sibi
1229 3296 1247 3341 a
1264 3277 1335 3342 Deo
1351 3277 1453 3355 missa,

381 3369 411 3429 et
426 3365 482 3429 iret
504 3366 536 3429 in
551 3366 739 3446 adiutorium
754 3366 875 3430 domini
891 3368 948 3447 sui,
964 3372 1000 3446 et,
1016 3367 1120 3431 habita
1134 3367 1267 3445 victoria,
1291 3371 1456 3448 reponeret

327 3472 369 3519 aso
382 3472 468 3518 arma
496 3454 581 3519 unde
607 3474 643 3519 ea
668 3460 810 3519 sumeret
849 3455 947 3522 Duxit
973 3474 1045 3520 eum
1068 3456 1151 3537 juxta
1173 3455 1291 3519 iontem
1315 3455 1456 3537 quierat

383 3544 414 3605 in
437 3542 537 3607 tundo
561 3544 656 3625 regi0,
686 3550 717 3608 et
739 3544 782 3610 ibi
805 3562 877 3609 eum
901 3546 1030 3609 armavit
1050 3545 1145 3609 armis
1166 3543 1246 3609 albis
1267 3562 1339 3609 cum
1362 3562 1454 3609 cruce

382 3631 486 3710 rubea,
518 3636 548 3696 et
577 3633 726 3715 imposuit
755 3651 849 3715 super
879 3652 996 3715 equum
1025 3635 1141 3699 album.
1187 3634 1255 3715 lpse
1281 3636 1384 3697 autem
1413 3632 1453 3697 ad

382 3721 547 3785 exercitum
569 3721 719 3786 advolans
742 3724 918 3803 penetravit,
947 3724 1064 3805 fugavit
1091 3727 1121 3787 et
1148 3722 1311 3804 prostravit
1341 3722 1453 3801 hostes,

382 3815 418 3888 et,
443 3810 545 3874 babitu
567 3810 701 3884 victoria,
725 3810 816 3875 rediit
834 3812 889 3875 ubi
913 3813 1000 3894 prius
1022 3816 1092 3891 erat,
1116 3816 1146 3876 et
1166 3829 1252 3875 arma
1274 3828 1345 3875 cum
1369 3829 1453 3892 equo

326 3917 368 3964 ato
383 3899 527 3981 deposuit
561 3899 615 3962 ubi
650 3898 767 3963 dixerat
795 3900 933 3979 angelus.
980 3903 1052 3965 Hoc
1083 3906 1185 3965 autem
1215 3898 1333 3965 viderat
1362 3901 1454 3965 unica

382 3988 464 4070 regis
485 3987 558 4068 tilia,
589 4005 651 4069 que
680 3992 744 4051 erat
774 3991 866 4067 muta,
897 3988 938 4053 de
967 3989 1098 4054 fenestra
1128 4007 1247 4054 camere
1276 4006 1345 4066 sue;
1380 4008 1452 4054 cum

380 4082 482 4141 autem
506 4094 559 4140 rex
589 4075 716 4140 redisset
742 4081 772 4139 et
800 4082 942 4157 quereret
962 4097 981 4141 a
1003 4078 1068 4143 suis
1090 4078 1161 4158 quis
1183 4081 1262 4141 esset
1285 4078 1374 4141 miles
1397 4078 1451 4143 ille

381 4183 451 4227 cum
474 4165 568 4226 armis
590 4164 669 4226 albis
696 4164 749 4241 qui
780 4165 825 4226 sic
851 4165 969 4240 fecerat,
1001 4182 1058 4227 nec
1085 4170 1189 4245 posset
1217 4166 1357 4244 inveniri,
1388 4166 1453 4231 tilia

381 4254 465 4310 muta
492 4247 673 4309 ostendebat
698 4249 797 4324 digito
828 4250 944 4309 fatuum
969 4266 1063 4311 ouem
1088 4268 1141 4311 rex
1163 4254 1320 4330 arguebat.
1367 4252 1451 4318 Cum
