3525 5025
845 496 1087 553 -130-

435 664 584 729 dictarum
623 667 740 748 legum,
779 686 963 749 responsum
1003 672 1177 748 reportaret.
1237 668 1310 742 Quo
1350 668 1430 730 lacto
1466 668 1495 728 in

436 754 557 819 Cretam
581 756 638 821 luit
659 761 688 820 et
703 756 746 820 ibi
763 761 944 837 perpetuum
961 757 1085 821 exilium
1109 757 1178 837 egit.
1214 758 1385 820 Moriturus
1400 760 1495 818 autem

436 862 506 909 ossa
532 862 588 909 sua
618 845 650 910 in
683 863 767 909 mare
792 846 950 925 submergi
976 846 1035 926 (Bl.
1060 848 1143 925 alr.)
1168 846 1264 923 iussit,
1295 865 1334 910 ne
1357 846 1445 921 forie,
1473 844 1496 906 si

381 933 503 997 saueius
525 950 596 997 ossa
609 934 649 997 ad
665 934 815 999 ciuitatem
832 935 974 1012 redirent,
991 953 1100 999 omnes
1115 954 1149 999 se
1165 935 1279 999 liberos
1294 954 1312 999 a
1328 935 1498 999 iuramento

436 1039 501 1086 esse
524 1024 682 1087 crederent
704 1029 734 1087 et
756 1024 859 1103 legum
883 1025 1116 1089 obseruanciam
1132 1024 1289 1087 violarent
1327 1024 1383 1087 Xll
1401 1026 1498 1086 autem

435 1116 520 1174 erant
552 1111 632 1176 dicte
666 1112 756 1193 leges.
818 1113 921 1176 Prima
955 1112 1023 1193 lege
1061 1113 1213 1194 populum
1250 1114 1281 1176 in
1313 1112 1500 1193 obsequium

436 1201 610 1282 principum
644 1206 673 1264 et
710 1202 864 1282 principes
898 1202 930 1264 in
964 1202 1135 1266 custodiam
1174 1202 1372 1265 subditorum
1407 1205 1436 1264 et
1464 1199 1500 1262 ad

435 1289 649 1353 cohercionem
662 1290 817 1371 inpiorum
832 1290 1016 1353 intormauit
1040 1291 1181 1355 Secunda
1197 1291 1264 1370 lege
1280 1288 1502 1372 parsimoniam

381 1394 423 1441 su
437 1381 466 1442 et
489 1379 689 1459 lmgalitatem
717 1380 864 1444 omnibus
887 1379 1042 1460 persuasit,
1073 1380 1200 1443 credens
1224 1380 1370 1443 miliciam
1401 1377 1503 1441 lauda-

436 1468 578 1532 biliorem
601 1468 668 1531 lieri
693 1468 842 1532 modestia
865 1488 957 1549 quam
974 1470 1106 1549 crapula.
1141 1470 1198 1531 lll²
1221 1469 1315 1547 iussit,
1339 1474 1374 1532 vt
1389 1465 1503 1548 singull

436 1574 499 1620 non
539 1557 685 1638 peccunia
722 1558 776 1621 sed
814 1559 992 1621 meritorum
1033 1558 1290 1638 compensacione
1329 1558 1502 1639 pensarent

437 1646 495 1709 Ν·
520 1646 567 1709 lex
597 1646 724 1709 instituit
755 1647 909 1709 materiam
938 1647 1003 1709 auri
1035 1653 1063 1710 et
1085 1648 1202 1727 argenti
1233 1647 1326 1710 velud
1359 1645 1502 1711 omnium

436 1734 552 1797 vilium.
598 1737 643 1799 V²
668 1735 716 1798 lex
738 1734 1038 1799 administracionem
1062 1736 1104 1799 rei
1134 1736 1255 1817 puplice
1280 1755 1335 1816 per
1358 1735 1501 1800 ordinem

382 1840 422 1885 sao
437 1823 542 1887 diuisit
552 1824 630 1888 dans
642 1825 767 1904 regibus
782 1829 959 1905 potestatem
972 1826 1133 1901 bellorum,
1151 1825 1378 1905 magistratibus
1392 1822 1503 1888 iudicia

436 1919 465 1975 et
495 1931 604 1977 omnes
638 1913 834 1990 offensiones,
867 1914 984 1977 senatui
1021 1914 1190 1978 custodiam
1222 1914 1341 1994 legum:
1383 1911 1501 1995 populo

436 2002 557 2065 creandi
574 2003 621 2065 vel
638 2003 770 2083 eligendi
788 2003 979 2083 magistratus
996 2007 1171 2084 potestatem
1189 2004 1334 2083 permisit
1374 2004 1435 2068 Vla
1457 2000 1502 2062 lex

437 2092 551 2155 landos
581 2091 728 2155 omnibus
755 2093 901 2171 equaliter
928 2092 1039 2169 diuisit,
1071 2096 1102 2154 vt
1130 2092 1276 2155 omnibus
1308 2089 1501 2173 patrimoniis

437 2181 599 2259 equalibus
621 2181 724 2245 nullus
747 2182 808 2244 alio
831 2182 990 2261 potenclor
1014 2181 1198 2246 redderetur.
1233 2181 1305 2244 Vll⁸
1327 2181 1396 2261 lege
1419 2178 1502 2243 lussit

382 2283 547 2333 aesomnes
569 2270 728 2333 conuiuari
753 2270 882 2351 publice,
907 2288 946 2333 ne
976 2270 1065 2333 alicui
1093 2270 1204 2333 diuicie
1233 2270 1263 2332 in
1292 2272 1417 2334 occulto
1445 2268 1502 2332 sint

436 2376 526 2421 causa
556 2358 683 2421 luxurie.
729 2360 814 2423 Vlll²
835 2359 1001 2422 iuuenibus
1030 2378 1090 2422 vna
1120 2363 1184 2423 toto
1214 2377 1298 2422 anno
1330 2360 1431 2424 voluit
1463 2355 1499 2419 vti

436 2452 526 2511 veste.
562 2448 621 2509 lx⁸
642 2466 755 2530 pueros
776 2466 926 2530 pauperes
942 2448 972 2511 in
989 2466 1106 2529 agrum,
1131 2466 1193 2511 non
1219 2449 1249 2510 in
1266 2448 1372 2511 lorum
1390 2444 1500 2513 deduci
1585 2487 1586 2510 r

437 2538 530 2615 iussit,
561 2543 593 2601 vt
615 2539 733 2618 primos
755 2556 854 2602 annos
877 2538 1024 2602 ducerent
1047 2538 1077 2600 in
1102 2543 1202 2618 opere,
1228 2556 1291 2601 non
1316 2538 1348 2600 in
1374 2539 1452 2602 ludo
1474 2537 1500 2597 et

437 2626 564 2690 leuitate.
593 2628 639 2690 Χῖι
659 2628 760 2692 statuit
775 2627 909 2707 virgines
924 2628 990 2691 sine
1006 2628 1078 2691 dote
1094 2628 1218 2692 nubere.
1249 2627 1308 2689 Xla
1331 2630 1499 2690 maximum
1584 2621 1585 2633 *

382 2727 423 2773 aro
439 2717 589 2780 honorem
621 2735 683 2780 non
714 2717 855 2792 diuitum,
886 2717 940 2780 sed
971 2735 1028 2798 pro
1058 2716 1156 2796 gradu
1185 2717 1268 2779 etatis
1296 2718 1400 2780 statuit
1428 2717 1500 2779 lore.
1583 2745 1584 2753 κ

437 2806 509 2868 llll·
540 2807 637 2868 voluit
674 2824 784 2870 vxores
822 2805 893 2886 eligi
932 2823 995 2868 non
1035 2805 1189 2886 peccunia.
1246 2805 1352 2868 Omne
1391 2811 1500 2877 autern,
1582 2861 1583 2868 ,

437 2896 522 2975 quod
546 2913 740 2975 quacumque
764 2895 830 2974 lege
853 2895 961 2972 statuit,
986 2895 1050 2976 ipse
1067 2913 1124 2974 pro
1140 2894 1282 2975 exemplo
1297 2894 1364 2958 aliis
1381 2896 1500 2976 primus

436 2985 577 3048 seruauit.

783 3215 858 3296 Cap.
886 3224 946 3280 126
973 3217 1031 3296 (Bl.
1057 3216 1151 3296 ltu).

796 3355 839 3411 De
857 3358 966 3428 pretore
984 3359 1010 3411 el
1028 3353 1138 3410 femina.

528 3521 627 3590 Relert
642 3521 781 3585 Valerius
796 3521 877 3584 libro
893 3522 947 3597 V⁰,
972 3521 1056 3600 quod
1081 3523 1185 3600 pretor
1199 3518 1345 3582 feminam
1363 3519 1500 3582 nobilem
1576 3511 1577 3518 '

383 3628 540 3678 ancoram
564 3628 597 3673 se
620 3610 738 3691 capitali
769 3609 922 3674 sentencia
944 3609 1138 3690 dampnatam
1169 3609 1279 3671 carceri
1308 3607 1430 3670 tradidit
1460 3606 1500 3671 ibi

438 3699 514 3761 clam
532 3698 740 3763 occidendam.
782 3699 886 3774 Quam
910 3703 1012 3762 custos
1035 3696 1162 3761 carceris
1186 3716 1248 3761 non
1273 3696 1371 3760 statim
1389 3697 1501 3760 occidit

437 3788 544 3868 pietate
574 3792 685 3866 motus,
719 3788 834 3851 aditum
871 3805 997 3868 quoque
1027 3786 1065 3848 ad
1102 3791 1226 3849 matrem
1259 3785 1408 3849 concessit
1438 3787 1501 3849 illie

437 3881 532 3958 nupte
562 3877 739 3954 obseruans
774 3894 813 3940 ne
841 3876 916 3956 quid
945 3877 1036 3940 terret
1069 3875 1221 3953 alimonie,
1257 3878 1288 3936 vt
1316 3875 1361 3938 sic
1390 3875 1501 3955 periret

437 3967 525 4028 lame.
572 3966 646 4029 Post
669 3966 782 4029 multos
805 3966 871 4028 dies
901 3965 1085 4041 ammiratus,
1118 3964 1199 4026 vnde
1227 3963 1340 4026 femina
1375 3963 1498 4041 viueret,

382 4076 423 4122 aaa
439 4056 556 4119 inuenit
582 4054 676 4117 liliam
701 4055 804 4118 matris
826 4055 928 4117 famen
952 4055 1000 4118 sui
1029 4053 1111 4116 lactis
1140 4052 1282 4117 subsidio
1306 4051 1498 4116 releuantem.

439 4144 511 4220 Que
526 4148 585 4207 tam
603 4143 737 4206 inaudita
758 4142 958 4206 ammirabilis
976 4143 1136 4222 spectaculi
1158 4141 1278 4206 nouitas
1301 4141 1339 4203 ad
1368 4141 1497 4206 iudicem

438 4238 553 4315 portata
576 4232 689 4295 femine
713 4231 803 4311 plene
825 4231 945 4293 veniam
971 4231 1138 4309 inpetrauit.
