3525 5025
659 529 900 586 -149-

208 697 382 761 ranllomina
412 699 471 762 hec
492 699 623 763 audiens
650 699 728 763 dixit
755 699 865 764 ancille
891 718 962 764 sue:
1000 699 1188 765 „Occidatur
1214 700 1314 780 gallus

255 787 329 849 illel·
363 789 400 850 Et
422 789 469 853 sic
491 789 604 852 lactum
620 794 674 853 est.
710 790 864 870 Tempore
879 789 985 852 debito
1001 794 1071 870 post
1086 789 1143 853 hec
1157 789 1313 853 secundus

253 876 343 954 gallus
364 878 507 940 cantauit
553 877 604 940 ait
625 879 753 942 domina
774 878 899 942 ancille:
933 878 1040 953 „Quid
1064 878 1137 942 dicit
1158 877 1258 959 gallus
1281 879 1311 941 in

253 970 332 1027 cantu
355 968 461 1029 suo?a
509 966 561 1029 Ait
581 966 703 1029 ancilla:
738 966 807 1046 „Sic
829 967 914 1030 dicit:
942 967 1060 1032 ‘Socius
1083 985 1171 1031 meus
1194 968 1313 1032 occisus

252 1058 291 1115 est
310 1072 367 1134 pro
390 1056 525 1132 veritate,
549 1060 660 1135 elego
683 1060 804 1136 paratus
826 1074 897 1119 sum
922 1057 1000 1120 mori
1025 1075 1082 1137 pro
1101 1057 1168 1120 eius
1189 1057 1311 1120 amore!

206 1143 378 1222 unbnglicis
402 1145 520 1208 verbis:

548 1247 597 1318 My
614 1246 699 1303 tallau
717 1247 762 1303 lor
778 1261 810 1318 ys
827 1262 954 1304 sone-sau

549 1318 624 1390 llayt
640 1318 703 1390 ylor
720 1318 744 1374 is
761 1317 801 1389 lyl
817 1334 854 1374 an
873 1319 913 1392 lyt
931 1318 971 1375 lul
991 1318 1061 1376 lau.t

251 1428 463 1492 lammina:
499 1429 687 1495 „Occidatur
716 1435 746 1493 et
775 1430 875 1510 gallus
906 1430 990 1494 ille!u
1040 1430 1100 1511 (ΒΖ.
1128 1429 1230 1508 105ν.)
1279 1431 1314 1493 Et

252 1518 290 1579 sic
302 1517 415 1581 lactum
433 1523 488 1583 est.
517 1519 590 1582 Cito
606 1524 677 1599 post
691 1518 748 1582 hec
762 1519 873 1582 tercius
889 1519 989 1600 gallus
1005 1519 1143 1583 cantauit.
1177 1519 1313 1582 Domina

206 1617 312 1667 ruscum
336 1607 399 1670 hoc
420 1608 564 1685 audisset,
588 1608 664 1670 dixit
686 1607 807 1671 ancille:
834 1608 891 1674 „Et
906 1608 981 1688 quid
1001 1608 1075 1672 dicit
1096 1608 1196 1688 gallus
1218 1607 1309 1671 ille?u

252 1693 427 1775 Respondit:

437 1798 538 1868 dludi,
556 1799 628 1868 vide,
648 1803 716 1869 tace,
733 1800 756 1857 si
776 1802 807 1857 tu
825 1799 867 1856 vis
885 1799 978 1856 viuere
996 1799 1025 1856 in
1044 1801 1124 1872 pace!

252 1889 379 1970 anglicis
402 1892 523 1956 verbis:

458 1995 498 2051 llr
515 2011 551 2051 an
569 2011 599 2052 se
616 2011 651 2052 an
671 1995 754 2068 dolye
771 1995 858 2068 stylle,

208 2076 247 2123 tm
459 2065 546 2139 chyrr
563 2083 620 2139 you
639 2066 723 2139 woylt
741 2065 770 2123 al
786 2066 813 2140 yi
832 2081 912 2137 pesse
929 2081 965 2123 an
984 2065 1009 2122 al
1028 2065 1055 2140 yi
1074 2065 1157 2138 wyll-

252 2156 295 2218 mr
315 2158 460 2223 domina:
487 2161 579 2225 ‚Non
603 2160 760 2223 occidatur
780 2160 881 2240 gallus
904 2158 988 2223 ille!u
1027 2161 1063 2223 Et
1084 2159 1129 2224 sic
1143 2159 1243 2240 gallus
1258 2159 1313 2223 iste

253 2247 376 2312 saluatus
400 2253 454 2312 est

582 2551 659 2632 Cap.
687 2559 747 2616 188
774 2551 833 2632 (Bl.
862 2552 978 2633 108ν.).

576 2687 620 2745 De
637 2689 808 2761 carpentario
826 2694 853 2745 et
871 2688 992 2746 camisia.

332 2839 446 2903 Gallus
470 2838 610 2918 regnauit
632 2838 770 2919 prudens
784 2856 820 2902 ac
834 2843 945 2918 potens
960 2837 1057 2915 valde,
1082 2838 1136 2917 qui
1153 2836 1312 2917 quoddam

174 2965 175 2996 ;
256 2926 396 3003 palacium
428 2927 669 3009 pulcherrimum
702 2933 879 2991 construere
910 2927 1041 2990 uolebat.
1089 2928 1158 2990 Erat
1185 2931 1259 2990 tunc
1281 2926 1312 2989 in

211 3012 377 3095 ruinperio
401 3015 529 3096 quidam
552 3017 767 3097 carpentarius,
792 3016 919 3080 nomine
935 3016 1053 3097 Tyrius,
1077 3015 1198 3080 subtilis
1216 3015 1313 3093 valde,

256 3120 339 3182 quem
361 3108 531 3188 imperator
553 3121 611 3186 pro
635 3105 752 3186 palacio
767 3106 976 3170 construendo
992 3105 1145 3169 conuenit
1176 3103 1313 3179 Quidam

175 3251 176 3260 ,
255 3210 320 3257 vero
341 3195 433 3258 miles
457 3195 489 3256 in
518 3194 649 3275 imperio
672 3198 742 3272 erat,
775 3194 828 3274 qui
857 3194 1016 3275 pulchram
1047 3193 1142 3256 liliam
1174 3194 1313 3257 habebat.

257 3280 337 3347 bliles
358 3303 432 3348 cum
455 3284 549 3346 semel
574 3283 606 3345 in
630 3287 721 3346 stratu
745 3301 805 3347 suo
833 3284 942 3347 iaceret
964 3287 993 3346 et
1015 3282 1055 3345 de
1078 3282 1142 3345 lilia
1164 3300 1219 3346 sua
1243 3301 1314 3363 pro-

175 3373 176 3394 *
256 3374 404 3436 mouenda
427 3372 532 3435 intime
556 3372 708 3453 cogitaret,
731 3372 773 3435 ait
795 3373 882 3435 vxori
906 3390 974 3435 sue:
1010 3371 1204 3450 „Karisslma
1237 3372 1313 3451 quid

215 3458 302 3522 mibi
323 3463 447 3526 videtur
468 3461 508 3524 de
531 3462 599 3539 hoc,
623 3461 709 3542 quod
734 3461 793 3525 iam
817 3461 976 3542 cogitaui?
1012 3462 1063 3523 Est
1085 3479 1166 3525 unus
1189 3480 1313 3543 carpen-

256 3549 339 3614 tarius
361 3553 395 3614 in
420 3569 517 3631 regno
547 3552 605 3614 isto
627 3550 748 3614 subtilis
770 3550 868 3614 valde.
915 3550 1010 3613 Michi
1034 3549 1155 3613 videtur
1184 3551 1313 3628 bonum,

255 3641 283 3699 vt
300 3639 396 3704 tiliam
414 3644 548 3704 nostram
568 3640 595 3702 ei
612 3640 723 3703 demus
738 3640 769 3702 in
785 3658 922 3718 uxorem,
945 3639 1018 3720 quia
1041 3657 1096 3720 per
1118 3640 1313 3703 subtilitatem

257 3742 332 3793 suam
356 3729 494 3810 acquiret
515 3728 575 3792 sibi
598 3734 628 3792 et
657 3729 721 3791 filie
745 3733 848 3792 nostre
871 3728 1148 3793 habundanciam.¹¹
1188 3728 1227 3791 m
1250 3728 1313 3790 illa:

260 3816 393 3882 ‚bonum
427 3819 487 3895 (BL
515 3819 619 3897 109r.)
651 3823 697 3881 est
726 3819 787 3882 hoc
815 3822 1019 3899 attemptaret
1068 3817 1158 3880 Miles
1189 3833 1314 3897 carpen-

215 3906 355 3971 manum
380 3906 503 3971 vomuit
525 3911 554 3970 et
575 3908 617 3970 ait
638 3908 680 3969 ei:
706 3907 900 3986 „Karissime
920 3911 1020 3988 pelea
1036 3906 1136 3983 nobis,
1160 3902 1314 3984 quidquid

257 3995 390 4074 volueris,
415 3996 501 4077 quod
525 3996 564 4060 sit
586 3996 741 4078 possibile,
765 4001 794 4059 et
808 3996 953 4060 dabimus
968 3996 1032 4074 tibi,
1055 3995 1095 4058 ita
1109 3998 1210 4056 lamen
1226 3992 1314 4072 quod

258 4081 340 4149 liliam
365 4090 503 4150 nostram
518 4102 623 4148 sumas
638 4086 671 4147 in
686 4086 848 4149 uxoreml⁴¹
888 4085 939 4148 llle
955 4083 1126 4165 respondit:
1153 4082 1315 4148 „Libenter

177 4199 178 4240 Τ
257 4176 390 4250 peticioni
414 4179 514 4238 vestre
528 4174 737 4238 satisfaciam.“
773 4174 998 4237 Conuenerunt
1012 4173 1044 4235 in
1060 4190 1166 4248 vnum,
1189 4187 1315 4250 carpen-

177 4243 180 4372 ν
258 4263 339 4330 lanus
362 4283 430 4329 eam
456 4264 487 4326 in
511 4280 637 4327 uxorem
661 4262 748 4326 duxit
763 4280 833 4326 cum
858 4280 969 4342 magna
992 4260 1212 4341 solempnitate.
1245 4259 1316 4323 Hoc
