3525 5025
655 516 897 570 -101-

263 682 423 747 effluctuans
444 684 570 765 gaudio,
594 703 721 764 sperans
742 684 829 765 quod
858 686 975 766 perdita
999 703 1176 767 recuperare
1199 692 1310 767 posset,

263 770 443 851 pollicebatur
458 774 518 836 illis
529 774 622 836 vitam
636 779 665 836 et
675 774 801 853 gratiam
811 792 909 851 suam,
925 774 951 839 si
963 775 1079 839 crimen
1092 776 1311 840 confiterentur

263 860 467 943 redderentque
501 863 669 926 thesauros.
727 864 849 927 luvenis
882 868 984 928 autern
1019 863 1070 928 ille
1099 884 1137 929 ex
1167 870 1249 929 metu
1282 870 1312 929 et

262 951 419 1014 necessitate
440 951 599 1014 audaciam
623 968 762 1015 sumens:
792 952 866 1015 Non
890 953 971 1030 ideo,
998 953 1046 1030 ait
1074 972 1095 1018 o
1117 953 1311 1017 serenissime

216 1055 250 1099 uu
263 1057 314 1116 reu
341 1058 397 1119 ego
418 1045 472 1103 aut
494 1040 563 1117 mei,
595 1041 668 1120 quia
697 1041 747 1104 hic
777 1042 871 1104 miser
900 1046 1027 1105 truncus
1049 1041 1088 1104 ad
1113 1060 1171 1106 nos
1193 1043 1310 1123 aliquid

261 1129 397 1207 pertineat,
429 1130 569 1192 lacrimas
598 1129 797 1208 effundimus,
827 1131 882 1193 sed
906 1132 979 1211 quia
1010 1130 1066 1194 bec
1088 1131 1154 1195 dies
1178 1132 1312 1196 nefastus

261 1217 341 1280 michi
361 1218 480 1282 sinistre
502 1236 614 1282 manus
630 1219 772 1299 pollicem
787 1220 919 1283 abstulit
952 1219 1005 1283 Ob
1021 1221 1082 1284 boc
1096 1238 1171 1300 ergo
1187 1221 1311 1285 lacrime

260 1305 353 1383 effuse,
374 1311 491 1370 exarate
514 1307 616 1386 facies,
639 1308 739 1389 capilli
762 1308 869 1387 evulsi,
893 1309 965 1388 quia
985 1327 1044 1390 ego
1067 1308 1169 1374 adhuc
1192 1310 1311 1373 iuvenis

260 1393 342 1458 bodie
369 1396 427 1459 heu
459 1414 524 1459 uno
548 1401 578 1461 et
605 1396 717 1478 potiori
745 1397 887 1461 membro
918 1398 1091 1462 debilitatus
1121 1416 1200 1465 sum.
1248 1399 1311 1469 Rex

216 1499 248 1543 uo
261 1501 325 1547 veru
346 1486 484 1565 pollicem
508 1484 611 1550 adhuc
625 1486 771 1549 fluentem
787 1487 939 1567 sanguine
953 1486 1156 1551 certissimum
1180 1488 1311 1551 veritatis

259 1579 457 1652 argumentum
481 1575 550 1639 fore
572 1579 663 1653 ratus,
694 1579 796 1639 motus
826 1576 1037 1640 misericordia
1066 1593 1160 1657 super
1190 1576 1312 1640 fortuna

260 1660 379 1726 iuvenis:
409 1665 483 1727 Non
507 1668 559 1743 est,
588 1665 638 1742 ait,
668 1663 790 1742 mirum,
820 1665 846 1728 si
870 1665 962 1744 dolet,
990 1666 1039 1729 cui
1063 1666 1142 1728 male
1172 1666 1311 1746 corrigie

259 1752 326 1815 vade
355 1753 385 1814 in
419 1771 493 1834 pace
523 1758 552 1815 et
586 1754 670 1817 bunc
703 1752 785 1817 diem
821 1754 901 1817 male
933 1754 1103 1818 ominatum
1138 1754 1177 1818 de
1212 1759 1312 1819 cetero

260 1846 413 1918 precaveto.
448 1842 498 1906 Sic
520 1860 596 1922 ergo
619 1842 670 1905 ille
692 1842 800 1905 astutia
821 1861 878 1907 sua
901 1860 934 1907 se
956 1860 1094 1923 suosque
1117 1843 1249 1907 liberans
1271 1843 1311 1907 ad

218 1931 371 2010 impropria
393 1931 545 2005 remeavit,
575 1936 606 1994 et
627 1950 680 1995 rex
702 1931 903 1996 similitudine
931 1932 1058 1996 delusus
1081 1933 1211 1997 veniatis
1235 1933 1312 1997 redit

258 2018 291 2079 ad
310 2038 409 2083 senem
434 2020 519 2084 consi
529 2019 629 2101 [152⁰]
639 2021 715 2083 lium
738 2026 926 2102 accepturus.

335 2109 433 2173 Senex
456 2127 530 2173 vero
552 2110 706 2173 asserebat
728 2128 832 2190 regem
856 2110 909 2173 vix
932 2127 1024 2192 posse
1048 2110 1194 2189 invenire,
1225 2110 1311 2191 quod

259 2203 391 2276 quereret,
420 2197 569 2262 suadebat
597 2204 707 2275 tamen,
738 2204 771 2261 ut
798 2200 927 2263 cadaver
956 2200 1067 2263 iterum
1099 2218 1154 2281 per
1181 2199 1310 2264 eandem

259 2287 411 2351 traheretur
433 2288 592 2365 civitatem,
616 2287 703 2368 quod
726 2292 756 2352 et
777 2286 890 2351 factum
914 2293 967 2353 est.
1002 2288 1147 2369 Cumque
1170 2294 1203 2352 ut
1226 2288 1312 2369 prius

220 2381 368 2439 iuvenum
393 2380 473 2440 esset
487 2375 526 2439 ad
546 2376 677 2441 domum
693 2377 768 2455 eius,
791 2377 875 2441 filius
890 2377 1043 2441 internum
1060 2378 1153 2441 animi
1170 2378 1311 2442 dolorem

259 2482 312 2528 non
332 2467 434 2530 ferens
460 2464 561 2530 filium
590 2466 753 2547 parvulum
785 2466 817 2530 in
849 2471 985 2548 puteum,
1018 2467 1072 2548 qui
1104 2486 1161 2548 pro
1192 2467 1313 2532 foribus

260 2559 316 2632 crat,
338 2557 413 2619 clam
439 2556 573 2636 proiecit,
600 2561 737 2636 tuncque
758 2557 877 2619 vultum
902 2557 1062 2635 unguibus
1085 2575 1213 2638 carpens
1236 2575 1312 2620 voce

260 2642 404 2709 lacrimosa
439 2646 575 2727 populos
605 2646 693 2725 quasi
726 2645 766 2709 ad
798 2646 993 2709 liberandum
1023 2645 1123 2709 filium
1155 2649 1312 2710 convocat.

259 2732 383 2798 accurrit
406 2735 516 2797 itcmm
533 2738 628 2798 mater
643 2752 714 2798 cum
730 2733 811 2812 filiis,
834 2735 935 2814 girant
950 2739 1085 2815 puteum,
1110 2735 1311 2812 lacrimantur,

221 2822 356 2904 ltlaliique
394 2824 523 2889 funibus
556 2824 595 2888 ad
630 2823 850 2887 extrahendum
886 2842 1017 2906 puerum
1053 2824 1084 2886 in
1119 2828 1245 2904 puteum
1280 2841 1313 2887 se

259 2909 400 2977 dimittunt
422 2917 451 2975 et
478 2913 529 2977 alii
552 2931 608 2978 eos
630 2913 739 2975 iterum
767 2931 891 2977 sursum
915 2913 1046 2977 trahunt.
1092 2912 1178 2987 Quid
1203 2913 1312 2994 plura?

260 2998 373 3081 Capitur
396 3003 506 3065 iterum
538 3002 589 3066 ille
611 3003 699 3066 solus
727 3001 911 3082 duciturque
933 3001 973 3064 ad
997 3020 1110 3082 regem,
1141 3007 1170 3066 et
1192 3002 1312 3065 interim

259 3090 372 3155 odaver
398 3109 455 3173 per
482 3092 540 3155 alia
566 3091 700 3155 civitates
729 3091 881 3155 incassum
905 3095 1042 3168 tractum,
1071 3091 1110 3153 ad
1135 3108 1238 3170 regem
1262 3090 1313 3153 vix

260 3181 368 3244 ossibus
398 3185 429 3244 et
457 3181 560 3244 nervis
589 3181 739 3244 coherens
773 3179 935 3243 reducitur.
991 3180 1089 3243 Porro
1120 3198 1173 3242 rex
1204 3179 1313 3242 videns

222 3267 330 3332 irobunc
363 3271 472 3333 iterum
508 3274 639 3351 captum,
673 3287 766 3350 quem
801 3274 889 3333 antea
922 3268 1086 3346 dimiserat,
1121 3273 1150 3332 el
1181 3269 1312 3331 nimium

260 3356 424 3423 admiratus:
460 3359 546 3433 Quid
571 3363 709 3439 prosunt,
739 3359 787 3436 ait,
818 3359 873 3422 libi
897 3358 1005 3422 callide
1035 3357 1240 3438 deceptiones,
1269 3356 1313 3419 dii

260 3448 358 3510 summi
381 3452 410 3510 te
433 3449 578 3529 produnt,
601 3447 682 3511 furta
702 3452 755 3511 tua
777 3452 806 3510 et
821 3448 949 3511 crimina
970 3452 999 3510 te
1021 3451 1171 3510 accusant.
1207 3446 1314 3516 Redde

261 3550 322 3614 ergo
353 3539 531 3601 thesaurum
563 3542 593 3600 et
624 3537 693 3600 iuro
722 3536 777 3600 tibi
812 3554 868 3618 per
903 3555 1001 3600 meam
1036 3535 1202 3616 magnique
1234 3537 1314 3600 lovis

262 3627 422 3705 potentiam,
445 3627 531 3706 quod
556 3644 613 3690 nec
634 3630 663 3689 te
678 3627 739 3688 vita
754 3645 811 3689 nec
825 3625 930 3706 aliquo
947 3625 1076 3706 privabo
1092 3625 1313 3704 membrorum,

185 3770 186 3777 ,
225 3713 307 3774 llised
327 3733 434 3778 sanum
465 3720 495 3778 et
524 3717 677 3795 integrum
707 3715 901 3794 liberumque
924 3714 1082 3777 dimittam.
1128 3715 1216 3798 Tunc
1239 3715 1314 3778 latro

262 3801 404 3868 calliditate
426 3823 483 3868 sua
505 3809 594 3868 utens
617 3804 765 3885 producta
783 3804 886 3885 primo
901 3804 1033 3884 suspiria
1047 3803 1087 3866 ab
1103 3803 1167 3866 imo
1184 3804 1314 3884 pectoris

263 3891 345 3970 trabit
366 3894 479 3957 dehinc
493 3883 583 3956 t'afem
599 3894 706 3956 emittit
720 3912 842 3957 vocem:
866 3893 898 3957 O
914 3911 972 3970 me,
997 3893 1148 3972 inquiens,
1172 3892 1313 3956 omnium

263 3975 489 4047 infelicissimum
513 3983 687 4060 bominum,
710 4001 802 4062 quem
826 3987 910 4046 tanto
934 3981 977 4044 dii
1002 3982 1077 4044 odio
1101 3983 1313 4061 prosecuntur,

264 4072 291 4128 ut
309 4089 362 4134 nec
382 4073 485 4136 solum
510 4071 602 4136 michi
635 4072 717 4134 diem
745 4072 864 4151 absque
894 4070 1057 4134 doloribus
1080 4075 1109 4132 et
1131 4069 1315 4132 cruciatibus

229 4160 387 4239 bicorporis
419 4166 449 4224 et
483 4161 585 4224 anime
619 4161 746 4223 transire
780 4161 962 4240 permittant
1019 4158 1094 4220 lleri
1126 4156 1218 4220 michi
1248 4156 1314 4219 dies

265 4241 355 4310 infelix
376 4251 519 4331 pollicem
543 4249 673 4324 abstulit,
702 4249 752 4310 hic
774 4247 868 4309 hodie
892 4245 1043 4306 infelicior
1065 4245 1164 4302 filium
1188 4243 1313 4301 unicum
