3525 5025
684 509 926 566 —143-

275 679 410 760 dixitque
433 681 464 742 in
496 681 590 744 corde
620 698 691 745 suo:
730 683 811 746 „lam
844 683 901 743 iila
932 681 1084 762 sapiencia
1114 682 1205 744 vitam
1238 700 1336 744 meam

275 769 428 831 saluauitu
479 772 515 832 Et
535 770 634 833 statim
666 787 771 833 senem
796 789 866 833 cum
896 789 991 834 vxore
1019 776 1048 834 et
1074 775 1136 835 tota
1162 771 1277 833 familia
1305 772 1336 833 in

218 874 266 919 roro
275 858 442 938 patibulum
467 859 615 939 suspendi
639 859 717 923 tecit.
761 859 927 940 Imperator
949 864 1059 938 autem,
1083 858 1231 940 quamdiu
1256 860 1336 937 vixit,

274 947 342 1010 illas
364 948 399 1009 111
423 948 592 1028 sapiencias
621 966 725 1011 secum
756 948 878 1011 retinuit
908 953 937 1011 ct
967 948 997 1011 in
1027 950 1109 1013 bona
1139 967 1212 1029 pace
1244 950 1335 1012 vitam

273 1054 360 1098 suam
383 1036 492 1099 finiuit.

622 1214 698 1295 Cap.
726 1221 785 1278 163
812 1216 871 1294 (Βὶ.
897 1214 989 1295 841).

564 1334 608 1390 De
626 1337 696 1403 0110,
716 1350 799 1406 quem
819 1350 886 1406 aper
903 1334 1043 1390 destruxit.

360 1482 519 1562 Trayanus
542 1483 572 1545 in
597 1482 715 1544 ciuitate
739 1500 866 1545 romana
889 1482 1035 1561 regnauit,
1059 1483 1112 1561 qui
1137 1483 1216 1547 miro
1240 1483 1337 1547 modo

274 1571 422 1649 pomeria,
452 1576 550 1649 ortOS,
582 1571 687 1633 vineas
716 1569 829 1633 dilexit
874 1571 977 1634 Vnum
1009 1589 1079 1634 cum
1109 1571 1203 1634 semet
1234 1577 1335 1635 ortum

219 1675 265 1720 1011
274 1661 489 1723 construxisset
519 1665 549 1723 et
576 1660 703 1723 arbores
736 1659 851 1722 diuersi
883 1659 1004 1740 generis
1035 1660 1066 1722 in
1097 1679 1135 1723 eo
1166 1661 1336 1741 plantasset,

273 1748 430 1811 custodem
466 1767 560 1830 super
593 1753 694 1812 ortum
730 1748 896 1825 constituit,
932 1752 965 1810 ut
994 1747 1125 1812 fideliter
1159 1750 1335 1813 custodiret.

275 1839 341 1901 Erat
363 1838 491 1917 quidam
514 1855 589 1918 aper
611 1842 783 1915 strennuus,
807 1838 861 1916 qui
877 1841 979 1900 ortum
1003 1837 1093 1917 tregit
1116 1843 1145 1901 et
1168 1839 1289 1901 intrauit
1308 1844 1336 1902 et

272 1928 397 1990 arbores
419 1927 561 1991 contudit
583 1932 612 1990 et
634 1927 749 1990 euertit.
790 1928 856 1989 Η11
879 1926 1051 2007 percipiens
1074 1932 1184 2004 custos,
1209 1929 1336 1991 nomine

274 2017 421 2093 Ionathas,
443 2035 549 2083 aurem
573 2016 640 2079 eius
662 2016 814 2079 sinistram
830 2015 967 2079 abscidit
1005 2015 1088 2096 Aper
1103 2035 1176 2080 vero
1192 2018 1336 2081 ammissa

219 2119 265 2164 rouo
273 2123 344 2168 aure
367 2106 509 2168 clamauit
535 2109 564 2167 et
591 2105 691 2169 exiuit
736 2104 837 2167 Altera
866 2123 941 2167 vero
972 2103 1022 2167 die
1053 2123 1126 2185 aper
1157 2106 1279 2168 intrauit
1308 2111 1337 2169 et

274 2194 366 2257 multa
388 2195 468 2256 mala
491 2195 522 2255 in
546 2198 614 2257 orto
638 2194 829 2274 perpetrauit
865 2194 933 2257 iiec
947 2193 1056 2256 videns
1073 2194 1213 2257 Ionathas
1228 2213 1334 2257 aurem

272 2283 337 2346 eius
360 2284 496 2345 dextram
519 2282 655 2359 abscidit,
682 2287 712 2345 et
734 2283 842 2345 iterum
867 2300 937 2345 cum
961 2281 1063 2345 valido
1087 2283 1220 2346 clamore
1242 2284 1337 2346 exiuit

272 2391 352 2453 aper.
399 2373 470 2435 Hoc
492 2390 556 2435 non
581 2372 718 2435 obstante
741 2371 832 2434 tercia
854 2372 919 2434 vice
943 2371 1065 2434 intrauit
1087 2376 1116 2435 et
1139 2373 1233 2435 multa
1257 2372 1336 2435 mala

272 2461 302 2524 11
337 2465 406 2526 orto
440 2461 601 2525 commisit.
655 2459 752 2536 Quod
786 2460 896 2525 videns
931 2462 1071 2525 Ionathas
1106 2460 1233 2525 caudam
1268 2462 1335 2526 eius

219 2551 406 2628 ronabscidit,
430 2555 460 2613 et
480 2551 526 2614 sic
547 2550 674 2631 turpiter
696 2569 766 2613 cum
790 2550 923 2614 clamore
946 2550 1050 2614 valido
1073 2551 1176 2614 exiuit.
1213 2551 1335 2614 Deinde

271 2641 330 2703 cito
348 2644 430 2720 post
460 2641 518 2703 hec
547 2644 653 2720 quarta
675 2639 741 2703 vice
773 2640 896 2702 intrauit
925 2644 954 2703 et
988 2640 1075 2720 quasi
1109 2641 1187 2703 mala
1217 2640 1335 2703 infinita

271 2729 463 2810 perpetrauit
511 2730 650 2792 Ionathas
672 2746 742 2791 cum
768 2728 828 2792 hoc
851 2728 983 2807 vidisset,
1012 2746 1081 2792 cum
1107 2730 1209 2792 lancea
1232 2729 1334 2809 ipsum

271 2837 326 2899 per
349 2818 486 2881 medium
510 2817 613 2882 cordis
638 2818 796 2895 transfixit,
825 2822 854 2881 et
877 2821 1018 2881 mortuus
1041 2822 1092 2881 cst
1143 2818 1335 2897 Coquinario
1361 2861 1363 2864 -

270 2925 342 2970 eum
366 2906 490 2969 tradidit
515 2905 554 2969 ad
584 2905 809 2987 preparandum
837 2925 909 2969 eum
934 2907 1006 2987 regi.
1054 2907 1223 2986 (31841.)
1272 2907 1335 2976 Rex

219 3013 262 3059 roo
269 3014 344 3059 vero
361 2998 431 3076 plus
446 2997 486 3059 de
501 2996 640 3076 quotibet
653 2996 778 3058 animali
801 3014 854 3058 cor
875 2995 981 3058 ditexit
1003 3014 1095 3075 quam
1119 2996 1235 3076 aliquid
1251 2996 1334 3059 atiud

270 3086 456 3149 membrum.
508 3085 612 3148 Cocus
646 3103 720 3148 vero
754 3103 824 3147 cum
859 3103 968 3164 aprum
1000 3086 1187 3165 preparasset
1220 3091 1249 3147 et
1282 3104 1336 3148 cor

270 3175 386 3254 pingue
408 3175 541 3251 vidisset,
564 3174 739 3237 commedit
768 3173 829 3237 Sed
845 3192 915 3237 cum
933 3174 996 3254 regi
1012 3174 1118 3237 fuisset
1133 3174 1335 3238 ministratum

270 3265 310 3326 de
332 3281 417 3344 apro,
449 3283 466 3326 a
497 3263 698 3326 seruitoribus
721 3281 775 3326 101
805 3263 946 3343 quesiuit.
992 3262 1162 3326 Seruitores
1191 3282 1266 3327 vero
1296 3264 1334 3325 ad

271 3355 436 3432 coquinam
468 3357 672 3432 perrexemnt,
703 3371 757 3415 101
786 3353 851 3434 apri
882 3353 1067 3431 quesierunt.
1115 3352 1200 3415 Dixit
1230 3371 1335 3416 cocus:

219 3442 393 3507 numicite
417 3440 549 3504 domino
573 3459 652 3518 me0,
680 3442 766 3521 quod
789 3460 864 3521 aper
887 3441 1006 3503 nullum
1031 3459 1084 3504 cor
1107 3442 1259 3505 habuerit!
1301 3443 1337 3505 Et

176 3530 177 3611 j
270 3531 296 3593 si
320 3530 396 3593 illud
420 3548 485 3593 non
509 3530 618 3607 credat,
641 3548 701 3609 ego
724 3530 883 3593 ostendam
901 3531 943 3592 illi
965 3549 1020 3610 per
1035 3531 1150 3594 validas
1166 3532 1332 3594 raciones«

176 3674 178 3721 1

271 3620 442 3684 Seruitores
472 3619 530 3682 hec
558 3619 715 3682 audientes
746 3619 810 3698 regi
845 3620 951 3682 omnia
980 3621 1073 3682 verba
1104 3621 1336 3683 nunciauerunt.

176 3722 178 3793 1
271 3709 320 3772 Α11
343 3728 407 3772 rex:
447 3708 553 3782 „Quid
577 3712 629 3786 est,
664 3707 756 3787 quod
780 3708 873 3771 dicit?
920 3709 1100 3788 Numquam
1131 3714 1193 3771 erat
1222 3708 1335 3771 animal

176 3796 178 3873 1
271 3798 337 3861 sine
359 3797 467 3876 corde;
490 3802 520 3860 et
541 3796 621 3874 ideo,
645 3815 682 3859 ex
705 3815 770 3877 quo
785 3797 861 3859 dixit
875 3815 909 3860 se
925 3796 1001 3859 illud
1025 3817 1081 3878 per
1103 3797 1241 3861 raciones
1257 3797 1336 3860 velle

176 3918 178 3969 1

272 4067 371 4144 michi,
406 4065 571 4145 quomodo
601 4083 674 4144 aper
704 4083 758 4127 cor
788 4083 851 4128 non
882 4064 1035 4127 habuerit!
1085 4065 1120 4126 Et
1152 4063 1209 4126 nisi
1242 4063 1334 4126 michi

271 4157 329 4220 hoc
362 4153 589 4218 racionabiliter
622 4153 800 4232 ostenderis,
840 4153 931 4216 vitam
966 4153 1144 4215 ammittes.‘⁴
1198 4152 1236 4215 nt
1270 4153 1334 4215 ille:

273 4245 439 4323 ,1)011111,
463 4243 566 4308 omnis
589 4243 737 4324 cogitacio
752 4263 771 4306 a
785 4243 879 4308 corde
903 4240 1048 4324 procedit.
1083 4241 1172 4305 Vnde
1187 4242 1334 4322 sequitur,

219 3905 262 3949 111
271 3888 409 3968 probare,
434 3886 576 3950 adducite
599 3887 710 3966 ipsum,
734 3890 767 3949 ut
789 3887 899 3965 probet
922 3887 953 3949 in
976 3887 1067 3964 facto,
1099 3885 1184 3966 quod
1208 3885 1281 3948 dicit
1303 3886 1335 3948 11

271 3978 401 4040 verbo!‘⁴
451 3976 556 4039 Cocus
578 3976 636 4038 tuit
658 3979 791 4038 vocatus.
836 3975 887 4038 Ait
910 3974 936 4038 ei
965 3975 1142 4054 imperator:
1177 3975 1336 4050 „Ostende
