3525 5025
860 561 1103 615 -122—

451 728 553 793 claues
575 728 660 791 dedit
682 732 710 792 et
732 729 784 791 ait:
811 730 921 809 ‚Puen
945 729 1049 795 oleum
1071 748 1173 793 meum
1198 730 1251 793 tibi
1277 731 1435 794 committo
1457 730 1513 793 sub

451 822 502 880 tua
524 817 693 881 custodia·
736 816 818 881 Puer
832 837 907 882 vero
922 819 1052 901 simplex
1074 824 1184 900 putans
1200 838 1311 883 omnes
1325 838 1390 883 esse
1408 819 1514 900 plenos

452 906 483 969 in
507 906 646 970 custodia
669 907 789 988 recepit.
821 908 896 971 Post
918 907 1046 988 longum
1071 912 1193 989 tempus
1215 909 1349 988 contigit,
1373 907 1461 989 quod
1485 908 1514 969 in

396 1012 439 1059 mu
453 1000 531 1059 terra
553 995 604 1058 illa
627 996 731 1059 oleum
754 1015 858 1060 carum
888 997 1000 1061 iactum
1024 997 1090 1060 fuit.
1139 996 1236 1061 Diues
1264 998 1325 1061 hoc
1346 998 1456 1060 videns
1478 996 1517 1058 ait

452 1102 562 1164 puero:
589 1085 722 1163 rumice,
746 1086 825 1161 veni,
848 1085 963 1149 adiuua
979 1104 1028 1149 me
1044 1086 1146 1150 oleum
1164 1086 1301 1150 effodere
1320 1091 1349 1149 et
1363 1086 1515 1167 premium

451 1191 469 1236 a
492 1192 542 1236 me
564 1173 693 1255 accipias
724 1192 782 1255 pro
814 1178 866 1238 tua
895 1175 1069 1239 custodia!u
1118 1176 1200 1237 Puer
1222 1176 1371 1239 concessit
1393 1179 1424 1238 et
1446 1192 1516 1237 eurn

452 1262 537 1326 iuuit
587 1262 684 1326 Diues
706 1281 780 1328 vero
804 1264 915 1345 plenus
938 1264 1056 1328 malicia
1078 1264 1205 1328 adduxit
1227 1282 1332 1327 secum
1357 1265 1435 1341 illos,
1465 1262 1517 1344 qui

451 1352 555 1417 oleum
586 1370 688 1415 emere
717 1352 873 1416 deberent.
919 1353 1044 1416 Terram
1072 1358 1281 1434 appememnt
1308 1358 1336 1417 et
1359 1354 1385 1417 V
1409 1353 1518 1434 plenos

396 1458 439 1505 aas
453 1445 482 1504 et
496 1441 524 1504 V
539 1440 687 1505 dimidios
703 1440 896 1505 inuenerunt.
919 1442 1024 1506 Statim
1044 1442 1132 1505 diues
1148 1460 1279 1523 puerum
1295 1450 1383 1507 vocat
1398 1443 1517 1505 dicens:

455 1530 588 1606 ‚unice
619 1548 709 1593 causa
731 1530 870 1595 custodie
900 1536 951 1594 tue
974 1532 1078 1595 oleum
1101 1531 1200 1595 amisi.
1248 1532 1327 1595 Nam
1352 1531 1441 1612 quod
1465 1529 1517 1592 tibi

451 1619 601 1696 commisi,
625 1617 733 1682 iraude
754 1620 914 1684 abstulisti.
953 1619 1013 1684 Sed
1037 1620 1098 1684 cito
1121 1620 1216 1684 redde
1240 1620 1342 1697 michi,
1366 1639 1428 1701 que
1453 1637 1519 1682 mea
1590 1627 1591 1702 l

451 1707 609 1772 fuerunt!u
655 1707 725 1772 liiis
748 1706 836 1773 dictis
860 1726 990 1790 puemm
1014 1710 1129 1790 accepit
1151 1713 1180 1772 et
1202 1709 1241 1771 ad
1265 1709 1398 1772 iudicem
1423 1707 1517 1771 duxit.

451 1796 512 1861 Sed
536 1816 613 1877 puer
629 1797 817 1878 respondere
841 1798 977 1875 nesciuit,
1002 1798 1055 1861 sed
1073 1798 1212 1861 inducias
1228 1799 1320 1862 vnius
1336 1798 1396 1861 diei
1415 1798 1516 1879 peciit;

396 1902 438 1949 usu
452 1885 539 1966 quod
562 1886 590 1949 ei
614 1892 659 1951 est
680 1904 871 1950 concessum.
920 1888 953 1951 ln
977 1887 1095 1950 ciuibte
1118 1887 1168 1950 illa
1192 1888 1369 1950 morabatur
1391 1886 1516 1967 quidam

452 1975 675 2057 phylosophus,
699 1975 752 2056 qui
777 1976 994 2040 nominabatur
1009 1975 1156 2039 auxilium
1173 1976 1328 2055 gencium.
1365 1977 1449 2040 Puer
1464 1976 1518 2037 hec

450 2065 580 2128 audiens
602 2063 641 2128 ad
670 2083 740 2127 eum
770 2066 901 2146 perrexit
923 2083 1056 2145 querens
1079 2066 1251 2129 consilium.
1299 2065 1519 2147 Phyiosophus

451 2158 551 2216 autem
575 2172 645 2217 curn
669 2157 766 2217 totum
792 2172 970 2233 processum
999 2154 1086 2236 pueri
1110 2154 1252 2231 audisset,
1283 2154 1392 2235 pietate
1417 2158 1518 2217 motus

451 2242 505 2305 ait:
532 2243 707 2307 „Medianle
729 2243 837 2306 diuina
859 2243 960 2324 gracia
982 2248 1011 2307 te
1034 2243 1178 2307 iuuabo.u
1212 2244 1306 2306 Mane
1321 2248 1423 2306 autem
1440 2244 1518 2306 iacto

396 2349 438 2396 ass
453 2331 668 2412 phylosophus
698 2333 781 2396 venit
811 2350 881 2395 cum
914 2350 1011 2413 puero
1044 2332 1082 2395 ad
1113 2331 1273 2413 palacium.
1322 2333 1417 2395 ludex
1448 2348 1516 2396 cum

451 2420 577 2483 vidisset
599 2421 765 2502 sapientem
790 2422 1031 2503 phylosophum,
1062 2439 1133 2484 eum
1158 2422 1238 2483 iuxta
1262 2439 1295 2485 se
1318 2422 1427 2485 sedere
1450 2421 1517 2484 iecit
1590 2503 1591 2506 Ἴ

451 2515 480 2573 et
508 2509 629 2574 uocauit
658 2516 833 2575 accusantes
863 2516 892 2575 et
920 2515 1093 2575 accusatum
1125 2515 1154 2574 et
1184 2511 1330 2592 precepit,
1363 2516 1395 2574 vt
1426 2510 1517 2575 verba

451 2600 616 2678 recita-(BL
643 2601 844 2678 25v.)rentur.
894 2601 929 2663 Et
951 2601 995 2664 sic
1016 2601 1128 2664 iactum
1152 2604 1204 2664 est.
1250 2601 1339 2663 Tunc
1361 2601 1403 2662 ait
1428 2601 1517 2664 iudex

451 2689 661 2770 phylosopho:
695 2689 801 2754 „Bone
826 2690 976 2769 magister,
1006 2691 1075 2752 date
1103 2689 1287 2753 iudiciumtu
1335 2688 1385 2752 hit
1408 2691 1517 2772 phylo·

396 2796 437 2842 aso
452 2779 583 2858 sophus:
611 2778 758 2860 „Precipe
781 2778 895 2841 clarum
921 2779 1023 2842 oleum
1049 2778 1088 2842 de
1112 2778 1250 2859 quinque
1273 2778 1373 2860 plenis
1394 2778 1518 2842 tonellis
1590 2832 1591 2899 1

452 2868 630 2946 mensurari,
660 2871 692 2930 vt
714 2868 799 2946 scias,
831 2872 981 2948 quantum
1006 2867 1048 2931 ibi
1072 2868 1111 2931 sit
1133 2867 1204 2930 clari
1228 2867 1296 2945 olei,
1329 2871 1358 2930 et
1379 2868 1519 2932 similiter

451 2958 490 3020 de
513 2956 652 3037 quinque
680 2956 825 3035 dimidiis
854 2961 887 3021 vt
909 2957 993 3035 scias,
1025 2960 1174 3037 quantum
1204 2957 1234 3018 in
1258 2957 1394 3036 virisque
1419 2957 1517 3020 fuerit.

453 3047 535 3110 Etsi
559 3050 675 3109 tantum
699 3045 788 3126 spissi
812 3045 872 3110 olei
897 3046 929 3108 in
953 3045 1092 3109 dimidiis
1115 3045 1279 3123 inueneris,
1311 3049 1464 3126 quantum
1488 3047 1517 3107 in

451 3136 559 3217 plenis,
594 3135 671 3199 scias
700 3135 803 3198 oleum
832 3135 927 3198 luisse
957 3134 1100 3199 iuratum.
1148 3135 1179 3199 Si
1212 3152 1285 3198 vero
1317 3134 1348 3196 in
1380 3135 1519 3198 dimidiis

396 3229 568 3288 amiantum
597 3223 804 3306 spissitudinis
834 3223 997 3301 inueneris,
1028 3227 1177 3304 quantum
1202 3223 1316 3287 clamm
1345 3223 1452 3286 oleum
1478 3223 1518 3288 ibi

450 3313 582 3376 existens
605 3314 703 3393 exigit,
734 3313 820 3393 quod
851 3330 915 3376 non
940 3312 1053 3394 poteris
1076 3313 1107 3376 in
1131 3313 1231 3394 plenis
1253 3312 1402 3390 inuenire,
1434 3315 1518 3390 scias,

451 3402 555 3482 vtique
586 3402 690 3464 oleum
725 3420 789 3464 non
821 3401 916 3465 luisse
948 3401 1111 3464 furatum.u
1173 3402 1266 3464 ludex
1298 3401 1355 3464 hec
1389 3403 1519 3466 audiens
1590 3377 1591 3459 l

451 3490 646 3553 confirmauit
668 3491 827 3554 iudicium.
868 3492 1054 3571 Factumque
1078 3495 1122 3554 est
1145 3490 1184 3554 ita
1207 3509 1263 3571 per
1284 3490 1399 3569 omnia,
1424 3496 1455 3554 et
1477 3492 1520 3555 sic
1590 3465 1591 3554 l

451 3597 528 3659 puer
551 3583 596 3642 est
618 3579 758 3656 saluatus,
783 3585 812 3643 et
834 3580 967 3661 cupidus
990 3580 1182 3661 dampnatus.
1590 3557 1591 3618 l

808 3774 885 3855 Cap.
914 3777 951 3838 75
979 3775 1037 3855 (Bi.
1063 3774 1162 3855 28v.).

807 3895 851 3950 De
868 3894 976 3951 ciconia
994 3895 1153 3951 adulterata.

395 4041 437 4087 auo
542 4024 610 4085 Erat
633 4022 759 4102 quidam
776 4023 949 4104 imperator,
973 4023 1027 4103 qui
1044 4023 1258 4087 habebalante
1274 4026 1393 4103 portam
1411 4025 1518 4105 palacii

450 4112 566 4175 iontem
591 4112 719 4187 clamm;
750 4114 779 4174 et
802 4111 884 4174 iuxta
914 4111 1031 4175 iontem
1064 4112 1125 4176 due
1153 4112 1279 4192 cyconie
1309 4111 1518 4192 nidificabant,

449 4202 493 4265 sic
515 4201 601 4282 quod
625 4200 747 4263 femella
770 4198 872 4278 pullos
889 4199 1041 4278 produxit,
1066 4201 1219 4264 masculus
1235 4200 1449 4281 illo'tempore
1465 4222 1518 4286 per

449 4308 575 4369 campos
607 4288 730 4350 volabat
760 4287 863 4345 cibum
897 4302 953 4360 pro
989 4285 1110 4347 femella
1142 4293 1171 4348 et
1201 4289 1294 4367 pullis
1328 4289 1515 4370 colligendo.
