3525 5025
666 505 888 561 ..31-

267 677 430 755 compacior,
457 694 519 755 que
548 694 606 755 pro
630 676 755 737 ueritate
782 676 827 738 sie
848 676 941 737 vitam
964 676 1072 739 amisit.
1118 676 1217 740 Amen
1241 676 1312 740 dico

266 764 320 841 tibi,
332 765 484 844 'optimum
508 765 684 845 exemplum
701 765 793 827 michi
811 765 946 827 narrasti.
977 765 1049 827 Non
1067 766 1214 828 morietur
1228 766 1311 829 tilius

211 870 255 915 sao
268 872 342 917 meus
362 854 478 917 bodies
527 853 578 915 nit
600 854 755 933 magister:
783 854 834 918 .si
857 854 902 916 sic
924 852 1040 931 leceris,
1063 854 1214 934 sapienter
1236 854 1310 935 agio.

266 942 317 1005 Sed
338 943 428 1006 reddo
451 943 505 1005 tibi
529 948 637 1021 grates,
660 943 746 1022 quod
771 942 838 1005 tilio
861 947 916 1006 tuo
940 942 1034 1007 hodie
1056 944 1226 1023 pepercisti.
1262 944 1309 1007 Ad

265 1031 344 1093 deum
358 1037 384 1094 te
400 1031 650 1095 recommendat
689 1032 872 1112 imperatrix,
897 1050 967 1095 cum
984 1030 1117 1095 audisset
1132 1032 1217 1112 quod
1235 1051 1311 1113 puer

265 1120 310 1181 illo
330 1121 375 1183 die
389 1121 521 1184 saluatus
537 1126 623 1197 esset,
646 1121 733 1183 fleuit
754 1139 865 1197 amare,
890 1121 920 1183 in
945 1125 1060 1183 tantum
1085 1122 1170 1201 quod
1196 1122 1226 1183 in
1243 1122 1312 1184 aula

265 1228 317 1271 vox
336 1211 397 1273 eius
411 1215 455 1273 est
469 1209 573 1272 audita
588 1211 707 1272 dicens:
734 1211 824 1277 „lieu
842 1210 944 1286 michi,
968 1210 1055 1289 quod
1071 1228 1217 1289 umquam
1235 1229 1312 1276 vxor

213 1298 437 1377 arimpemtoris
459 1300 535 1361 facta
557 1301 642 1361 sum!
676 1299 735 1377 (Βί.
762 1300 866 1378 1511.)
914 1300 1035 1363 Vtinam
1060 1304 1179 1363 mortua
1203 1316 1310 1377 essem,

264 1388 380 1449 eumad
402 1393 501 1469 partes
524 1388 596 1451 istas
618 1390 805 1451 venissemta
852 1390 1026 1468 imperator,
1050 1405 1120 1451 cum
1145 1389 1309 1452 clamorem

264 1476 319 1538 eius
343 1477 478 1557 audisset,
511 1495 661 1539 cameram
690 1476 820 1555 intrauit,
851 1477 1015 1557 diligenter
1041 1478 1080 1541 ab
1109 1496 1143 1539 ea
1171 1478 1310 1556 quesivit,

264 1583 309 1626 eur
334 1566 397 1628 talia
430 1566 613 1646 protulisset.
666 1566 738 1639 Que
767 1567 819 1628 ait:
858 1566 1022 1644 ..Domine
1054 1583 1159 1629 nonne
1188 1584 1309 1629 causam

265 1672 390 1734 magnam
413 1655 522 1732 haben,
553 1674 590 1716 ex
613 1673 678 1734 quo
701 1673 778 1718 vxor
805 1660 856 1717 tua
887 1674 955 1717 sum
985 1655 1067 1717 etin
1096 1656 1236 1719 societate
1260 1660 1311 1719 tua

215 1743 301 1805 rusie
326 1763 376 1824 per
403 1744 501 1806 tilium
533 1748 621 1805 tuum
652 1745 819 1821 dilacerata,
850 1762 943 1824 quam
975 1748 1159 1807 cruentatam
1188 1744 1310 1808 vidisti?

264 1832 294 1894 Et
312 1834 396 1896 michi
420 1832 522 1895 dixisti
545 1833 633 1912 quod
657 1833 813 1897 occidetur
827 1838 856 1895 et
878 1833 981 1896 adhuc
995 1833 1079 1896 viuit.
1114 1834 1219 1907 Quare
1235 1850 1310 1914 ergo

263 1938 315 1983 non
336 1922 433 1986 debeo
456 1922 604 1986 dolereit
653 1922 704 1984 nit
727 1923 903 2002 imperator:
938 1922 1100 1987 „Libenter
1122 1923 1231 1985 vellem
1256 1923 1309 1986 tibi

263 2010 372 2089 placere,
396 2016 424 2074 et
447 2012 596 2074 iusticiam
622 2012 653 2073 in
677 2030 748 2074 eum
772 2030 925 2086 exercere;
957 2011 1011 2074 sed
1035 2010 1085 2073 die
1109 2012 1249 2075 hesterna
1271 2012 1310 2075 ab

262 2118 314 2163 vno
328 2100 364 2162 de
379 2101 531 2180 magistris
546 2101 612 2163 eius
627 2101 733 2163 audiui
749 2100 806 2163 tale
822 2100 1006 2180 exemplum,
1028 2100 1113 2179 quod
1130 2100 1308 2164 ditterebam

218 2196 251 2240 ab
263 2188 317 2251 eius
332 2190 507 2253 iudiciumt
544 2189 584 2252 nt
599 2190 662 2251 illa:
689 2189 739 2254 .0
756 2188 893 2267 domine,
917 2190 976 2251 iam
992 2189 1070 2253 dieis
1085 2191 1170 2269 quod
1188 2195 1312 2270 propter

261 2296 342 2339 vnum
369 2279 544 2358 exemplum
577 2279 713 2358 magistri
741 2281 926 2341 sentenciam
957 2283 1062 2342 eontra
1092 2279 1191 2341 lilium
1223 2284 1309 2341 tuum

261 2365 399 2431 distulisti!
447 2369 546 2430 Amen
571 2366 642 2431 dico
666 2368 720 2430 tibi
749 2372 895 2448 prototo
919 2369 1046 2445 mundo,
1077 2368 1132 2430 tibi
1156 2368 1311 2447 continget

260 2455 292 2517 de
312 2458 377 2520 .Vll.
400 2457 553 2536 magistris
568 2458 637 2535 tuis,
660 2457 738 2520 sicut
753 2457 912 2536 quondam
929 2457 1055 2538 contigit
1074 2456 1114 2520 de
1129 2475 1192 2520 vno
1216 2457 1311 2537 impe-

261 2549 345 2608 ratore
366 2552 395 2608 et
417 2547 457 2609 de
480 2547 545 2609 suis
569 2549 638 2610 .Vll.
660 2546 839 2626 magistris!
880 2547 920 2610 At
943 2547 1005 2610 ille:
1033 2547 1143 2627 „Rogo
1163 2552 1198 2624 te,
1224 2565 1311 2608 narra

218 2635 340 2697 unichi
356 2637 448 2699 boe!‘¹
484 2635 557 2709 Que
579 2636 631 2698 ait:
659 2636 726 2702 „Ad
743 2635 817 2714 quid
834 2635 935 2698 debeo
958 2637 990 2698 in
1013 2654 1127 2698 vanum
1152 2636 1311 2699 laborare?

260 2721 284 2784 Si
305 2726 407 2787 scirem
425 2725 512 2804 quod
537 2725 723 2805 proficerent
737 2725 831 2788 verba
855 2744 931 2803 mea,
954 2725 1008 2788 tibi
1026 2743 1178 2788 narrarem
1195 2725 1311 2805 optima

259 2815 395 2894 exempla,
433 2814 488 2877 sed
512 2815 606 2877 nichil
630 2814 724 2876 michi
753 2814 882 2894 prolicit,
914 2814 995 2893 quia,
1026 2814 1158 2894 quitquit
1185 2832 1244 2894 ego
1271 2814 1310 2876 ad

258 2902 370 2965 salutem
387 2909 471 2966 tuam
488 2921 588 2979 narro,
613 2903 749 2982 magistri
766 2904 809 2965 tui
826 2903 865 2966 ad
882 2903 1119 2966 destmctionem
1137 2907 1311 2983 operantur.

261 2990 290 3051 Et
310 2993 366 3056 hoe
387 3011 442 3073 per
465 2992 640 3072 exemplum
672 2996 780 3072 potero
808 2992 862 3055 tibi
893 2992 1133 3056 demonstraret
1182 2993 1220 3054 At
1249 2992 1311 3054 ille:

221 3080 305 3142 uu,0
333 3083 414 3145 bona
444 3082 583 3157 domina,
619 3081 705 3161 quod
735 3081 889 3158 differtur,
925 3099 989 3146 non
1020 3081 1176 3144 autfertur.
1232 3082 1313 3144 Licet

260 3171 437 3238 sentenciam,
447 3171 557 3233 mortis
573 3171 639 3233 eius
659 3170 854 3248 distulissem,
879 3188 943 3235 non
960 3175 1086 3251 propter
1101 3170 1160 3233 hoc
1176 3169 1266 3232 vitam
1284 3171 1311 3232 ei

260 3256 329 3322 dedi.
379 3260 440 3323 Sed
472 3260 564 3323 michi
596 3277 685 3323 narra
714 3277 810 3322 vnum
842 3260 977 3322 notabile
1010 3259 1222 3339 [exemplum],
1258 3279 1312 3339 per

261 3348 335 3423 quod
357 3354 464 3429 potero
481 3349 590 3411 melius
606 3364 797 3429 precauere.“
835 3348 906 3428 [Cui
924 3349 1122 3428 imperatrix]:
1150 3386 1163 3413 l
1171 3349 1313 3411 Libenter

263 3438 391 3515 narrabo;
423 3437 477 3501 sed
502 3456 581 3517 rogo
611 3439 705 3500 deum
734 3457 837 3500 meum
867 3443 900 3499 ut
929 3439 1021 3501 verba
1050 3456 1117 3500 mea
1149 3437 1250 3500 locum
1280 3437 1311 3500 in

222 3525 344 3588 ttlcorde
365 3532 417 3590 tuo
442 3528 600 3590 habeant.¹¹

383 3723 501 3797 Quarta
523 3724 661 3786 narracio
685 3723 782 3802 quarti
808 3723 942 3802 magistri
969 3723 1027 3800 (ΒΖ.
1057 3723 1174 3801 lbra).

683 3843 872 3914 [lentaminal

339 3974 426 4036 Miles
457 3972 583 4052 quidam
615 3989 707 4035 senex
738 3991 773 4034 ac
796 3971 894 4033 iustus
924 3989 942 4032 a
965 3971 1062 4034 multo
1085 3976 1223 4049 tempore
1246 3970 1312 4032 sine

265 4073 344 4122 vxore
364 4081 398 4125 ac
421 4063 509 4142 prole
532 4062 633 4125 extitit.
679 4060 816 4122 Tandem
841 4064 992 4122 venerunt
1014 4060 1080 4122 eius
1107 4059 1204 4134 amici,
1236 4059 1313 4120 sicut

266 4152 366 4229 sabape
388 4151 507 4232 imperii
531 4150 570 4212 ad
594 4167 653 4213 uos
676 4153 833 4222 venemnt,
858 4147 1050 4209 consulendo
1067 4152 1100 4207 ut
1115 4165 1241 4207 uxorem
1265 4165 1312 4206 ac-

268 4234 368 4314 ciperet.
413 4241 505 4302 Miles
535 4239 579 4300 sic
602 4237 761 4299 consultus
784 4240 813 4294 et
834 4235 873 4293 ab
897 4233 1002 4291 amieis
1030 4233 1166 4306 pulsatus
1190 4245 1311 4286 conces-

289 4354 388 4410 Ulrich,
409 4356 549 4402 Lateiniselre
562 4352 699 4398 Novelllstik
713 4352 752 4392 des
766 4347 914 4391 Mittelalters.
1154 4344 1170 4388 6
