3525 5025
670 530 888 589 ‚17-

270 720 297 764 sa
320 702 522 784 Suspendant
545 722 652 766 carnes
675 703 819 781 trabibus
886 702 982 784 pelles
1004 703 1106 766 laxant
1128 703 1159 765 in
1182 704 1335 783 curribus,

324 792 455 865 Quietae
478 793 575 856 noctis
597 796 736 872 tempore
802 796 910 873 petunt
932 795 1097 855 mercatum
1121 792 1302 873 transfugae.

324 882 462 945 Plaustra
485 882 579 963 pelles
602 882 742 944 vehentia
809 882 911 945 locant
931 881 991 945 sub
1013 882 1185 961 arrogantia

324 972 358 1033 ln
383 971 505 1033 mercali
529 970 669 1034 confinio
736 970 818 1032 inani
842 969 925 1049 pleni
949 970 1081 1033 somnio.

324 1060 507 1140 Respectum
532 1078 588 1141 per
610 1059 728 1122 silentia
794 1060 916 1123 vibrant
937 1078 992 1140 per
1013 1058 1073 1123 fori
1096 1058 1204 1138 stadim

269 1168 308 1212 100
325 1150 516 1230 Interpretari
540 1149 600 1212 sub
624 1167 712 1228 prece
779 1152 901 1228 sperant
923 1166 941 1211 a
963 1147 1166 1211 multitudine.

322 1239 447 1318 Vulgus
468 1238 582 1315 transit,
606 1237 718 1317 vulgus
742 1238 825 1314 redit,
887 1236 991 1301 nullus
1013 1238 1073 1301 sub
1098 1255 1171 1301 cura
1193 1238 1336 1317 consulit;

322 1328 398 1390 Non
423 1327 544 1406 estqui
568 1330 692 1406 quaerat
715 1326 827 1407 cupide
893 1326 1113 1390 commercium
1141 1326 1181 1390 de
1207 1330 1336 1407 tergore.

324 1418 400 1479 Post
424 1416 581 1479 intervalla
603 1419 777 1495 tempomm
845 1416 952 1495 major,
975 1415 1110 1479 tenendo
1132 1415 1299 1494 stimulum,

322 1506 447 1570 Clamat
465 1506 496 1566 in
521 1522 613 1568 rauco
636 1507 770 1583 gullure:
838 1504 929 1582 ,Quis
944 1504 1009 1568 vull
1024 1504 1080 1567 has
1095 1504 1190 1585 pelles
1205 1507 1338 1570 emerei‘

269 1614 308 1658 ms
322 1595 443 1658 Assum
464 1598 583 1657 sutores
606 1592 732 1671 sordidi,
800 1592 915 1672 quibus
937 1597 1009 1657 sunt
1030 1597 1147 1673 septem
1170 1594 1270 1671 solidi,

322 1684 453 1757 Quibus
476 1683 572 1763 placet
595 1682 748 1763 coemptio
808 1699 873 1746 uno
895 1682 1016 1763 signato
1038 1683 1133 1746 corio.

324 1773 409 1836 Dicit
432 1775 530 1835 sutor:
560 1771 728 1849 ,Quantum
753 1770 835 1835 dabo
902 1771 964 1836 hoc
991 1790 1048 1851 pro
1077 1772 1193 1835 bovino
1216 1772 1337 1837 corio?‘

323 1861 500 1943 Respondit
522 1861 621 1941 maior
642 1861 759 1924 subito:
827 1861 911 1937 ,Tres
934 1860 1028 1923 libras
1050 1860 1091 1923 da
1113 1861 1278 1925 continuo‘.

323 1952 421 2016 Sutor
445 1949 557 2029 inquit:
581 1950 631 2028 ,lis
653 1949 774 2013 ebrius'.
843 1949 945 2029 Major
965 1948 1018 2012 ait:
1041 1948 1126 2028 ,Sum
1150 1950 1263 2027 lamus3

270 2060 309 2103 110
326 2041 377 2103 De
401 2039 500 2102 tribus
523 2038 609 2102 libris
633 2037 796 2101 minimum
853 2056 918 2101 non
941 2037 1090 2101 dimittam
1114 2038 1293 2103 denarium‘.

323 2131 416 2192 Tunc
439 2127 507 2190 iniit
528 2131 614 2191 sutor
636 2127 749 2191 setiler:
817 2127 877 2206 ,Sic
899 2126 976 2191 dicis
996 2127 1187 2207 ioculariter.

325 2220 350 2281 Ε
374 2220 482 2281 contra
505 2216 603 2296 maior
625 2216 775 2280 somnifer
841 2220 901 2279 tres
924 2216 1017 2279 libras
1040 2217 1148 2280 clamat
1169 2216 1306 2281 firmiter.

323 2306 470 2387 Vulgaris
492 2306 663 2369 ammiratio
709 2322 825 2369 sonoro
849 2323 923 2368 mox
945 2305 981 2368 iit
1004 2306 1035 2368 in
1058 2304 1137 2370 foro.

326 2398 380 2459 Est
402 2395 516 2474 vulgus
539 2395 570 2457 in
593 2394 771 2475 spectaculis
839 2394 948 2458 relictis
971 2394 1189 2460 mercimoniis.

272 2487 375 2548 1151ra
398 2488 573 2548 commotus
596 2484 753 2566 presbyter
819 2482 927 2564 majori
950 2483 1024 2548 dicit
1045 2483 1173 2548 duriter:

325 2575 463 2654 ,lusulse,
488 2573 586 2636 nescis
609 2571 741 2636 vendere
808 2573 895 2653 quod
918 2579 1091 2654 praesentas
1114 2574 1164 2637 hic
1186 2573 1317 2655 publice

327 2665 396 2726 Hac
420 2663 504 2726 hasta
526 2661 668 2726 discerno
692 2681 795 2725 meum
864 2663 956 2725 tn'um
981 2662 1128 2725 librarum
1151 2663 1283 2739 corium,

325 2753 429 2831 Solve,
452 2756 546 2831 sutor,
570 2751 781 2832 marsuppium
788 2773 796 2829 ;
863 2750 974 2814 audisti
1002 2751 1088 2813 fixim
1112 2754 1294 2815 numemm‘.

327 2842 433 2915 Quam
458 2857 633 2903 mensuram
657 2840 833 2904 commercii
894 2839 1011 2922 profert
1032 2858 1142 2905 sensus
1163 2841 1339 2922 presbyteri,

273 2951 312 2994 rm
327 2932 425 2996 Sutor
446 2928 610 2993 subinfert:
633 2928 768 3008 ,Smltior
835 2947 900 2993 non
923 2929 1021 2993 estin
1045 2933 1125 2993 terra
1146 2929 1295 2995 venditor.

328 3022 378 3084 De
402 3037 465 3099 qua
486 3019 548 3082 sint
570 3018 602 3080 hl
625 3018 791 3099 provincia,
859 3017 962 3082 dicant
983 3022 1043 3082 fres
1066 3019 1098 3081 in
1121 3020 1290 3100 praesentia

327 3108 394 3184 Qui
419 3112 526 3189 putant
548 3108 645 3171 boum
668 3112 789 3188 tergora
856 3107 1031 3171 divitiarum
1056 3108 1196 3171 maxima.

329 3200 446 3262 Decem
464 3214 664 3260 nummorum
681 3197 799 3261 corium
860 3196 900 3259 ad
917 3215 1064 3277 magnum
1084 3197 1185 3261 levant
1200 3198 1339 3279 pretium.

327 3286 432 3351 Nudis
455 3287 565 3367 plantis
588 3285 725 3363 incedite,
794 3285 887 3367 hujus
909 3286 1012 3350 coloni
1035 3287 1166 3367 patriae.

275 3395 315 3440 ras
329 3377 468 3439 Altemat
489 3395 526 3438 ex
549 3375 727 3456 obprobriis
794 3378 922 3455 utraque
945 3394 1015 3456 pars
1037 3376 1096 3440 sub
1118 3377 1235 3457 iurgiis,

328 3466 476 3530 Sutorum
500 3465 697 3544 congegratio
765 3464 841 3527 irato
864 3465 970 3528 crescit
991 3465 1105 3529 animo.

331 3554 497 3618 Ducuntur
518 3572 536 3616 a
559 3553 724 3632 lictoribus,
794 3558 1023 3634 praesentantur
1043 3554 1207 3634 iudicibus,

328 3643 514 3707 Venduntur
536 3642 735 3720 exactoribus,
803 3642 1011 3723 corripiuntur
1033 3643 1162 3723 legibus.

330 3733 476 3801 Reddunt
499 3750 553 3812 per
574 3729 787 3794 vadimonium
857 3732 1092 3796 conventionem
1115 3737 1281 3813 tergomm,

277 3841 316 3885 130
331 3821 436 3894 Quam
462 3825 631 3901 posuerunt
654 3820 685 3882 in
709 3820 779 3884 loro
849 3820 1004 3885 Unibovis
1027 3822 1166 3886 consilio.

331 3911 516 3974 Persoivunt
539 3909 614 3990 legis
637 3909 748 3989 debita,
817 3914 1008 3973 revertuntur
1030 3910 1068 3973 ad
1093 3911 1225 3992 propria,

331 3999 491 4062 Exhaustis
514 3999 546 4061 in
570 3999 756 4080 marsuppiis
823 3998 930 4062 otiosis
953 3999 985 4060 in
1009 3999 1176 4063 curriculis.

330 4087 487 4152 Denudati
511 4087 647 4168 pecunia,
715 4088 820 4151 armati
844 4092 904 4151 tres
928 4088 1077 4151 moestitia

329 4177 491 4241 Conantur
514 4176 682 4240 interficere
752 4177 929 4242 Unibovem
954 4176 1090 4240 meridie.

277 4285 316 4331 ras
333 4266 413 4328 lnira
436 4266 512 4330 coeli
535 4266 663 4329 tentoria
731 4283 794 4329 non
818 4269 891 4328 sunt
912 4263 1015 4327 audita
1036 4266 1114 4340 talia,

229 4383 339 4439 Ulriclr‚
361 4384 499 4430 Lauiniscne
511 4384 647 4430 Novelllstik
660 4384 700 4428 des
714 4382 862 4426 mittelalters.
1184 4381 1199 4426 2
