3525 5025
708 524 952 584 —205-

293 719 373 764 ceno
397 718 480 780 quos
502 699 601 780 potuit
624 698 769 762 invenire.
809 700 845 761 Et
867 698 1030 778 quesivita
1047 699 1146 780 Judeo
1170 717 1231 780 que
1255 699 1365 764 melior

151 872 153 889 Ι
238 807 266 853 vs
294 791 352 852 lex.
399 788 572 870 Respondit
594 788 682 868 quod
703 805 768 852 sua.
815 789 898 851 Etsi
923 789 1018 867 istam,
1050 789 1157 868 inquit,
1189 788 1363 866 dimitteres,

294 895 389 959 quam
424 878 598 957 acciperes?
653 877 835 957 Respondit:
875 878 987 957 Legem
1023 877 1267 955 christianorum,
1302 896 1364 958 que

294 967 456 1031 descendit
481 985 500 1028 a
527 970 638 1030 nostra.
685 967 758 1029 ltem
789 966 921 1046 quesivit
949 984 966 1028 a
999 983 1120 1046 pagano
1151 985 1212 1046 que
1242 967 1363 1045 melior;

295 1056 348 1136 qui
377 1055 539 1136 respondit
569 1056 655 1135 quod
683 1073 747 1132 sua,
778 1060 814 1133 et,
845 1055 870 1118 si
903 1054 984 1117 illam
1016 1055 1186 1133 dimitteret,
1217 1057 1365 1137 acciperet

296 1146 396 1225 legem
421 1145 665 1221 christianorum,
696 1144 770 1224 quia
798 1149 910 1222 nostra,
942 1143 1048 1223 inquit,
1080 1143 1239 1208 descendit
1260 1163 1277 1207 a
1300 1163 1363 1208 sua.

151 1210 153 1259 ἱ
241 1252 268 1297 ao
296 1237 369 1297 ltem
395 1234 527 1314 quesivit
548 1252 566 1296 a
588 1233 754 1296 christiano
777 1233 867 1310 illud;
899 1237 928 1295 el
950 1232 1026 1295 dixit
1053 1233 1139 1312 quod
1168 1251 1223 1297 sua
1251 1238 1303 1312 est,
1336 1239 1365 1297 el

295 1323 383 1403 quod
407 1322 523 1385 nullam
550 1322 640 1385 aliam
670 1323 816 1403 reciperet
842 1340 936 1401 quam
964 1340 1062 1385 suam.
1108 1321 1196 1386 Tunc
1218 1323 1271 1386 ait:
1303 1324 1363 1386 Alii

295 1412 369 1490 duo,
393 1413 420 1475 si
444 1411 629 1475 dimitterent
644 1412 734 1491 leges,
758 1412 965 1475 consentirent
988 1411 1019 1473 in
1043 1412 1130 1474 istam
1136 1432 1144 1488 ;
1169 1412 1223 1475 iste
1247 1411 1362 1475 nullam

294 1501 385 1564 aliam
409 1500 557 1582 acciperet
580 1501 637 1563 nisi
661 1518 762 1578 suam;
796 1500 875 1563 banc
905 1500 987 1580 eligo
1011 1503 1040 1563 et
1066 1499 1171 1580 judico
1194 1500 1363 1566 meliorem.

297 1591 333 1654 Et
356 1590 427 1652 lecit
448 1608 489 1667 se,
514 1594 546 1652 ut
568 1589 686 1666 dicitur,
711 1589 864 1670 baptizari.

240 1696 267 1743 aa
387 1679 480 1756 ldem,
511 1679 640 1741 audiens
671 1678 758 1759 quod
790 1697 842 1740 rex
862 1678 1019 1758 Johannes
1042 1679 1174 1741 habebat
1196 1696 1301 1741 ensem
1325 1678 1365 1742 de

295 1786 359 1848 qua
381 1767 540 1831 scindebat
562 1767 720 1830 hominem
744 1772 895 1830 armatum
919 1785 1017 1847 usque
1041 1767 1079 1829 ad
1103 1767 1217 1845 sellam,
1247 1769 1365 1848 rogavit

296 1857 383 1936 quod
407 1858 435 1919 ei
460 1857 596 1934 mitteret,
627 1860 656 1920 et
679 1857 837 1919 hominem
868 1859 1018 1920 armatum
1051 1855 1228 1919 damnatum
1262 1857 1365 1937 posuit

296 1946 329 2007 in
360 1946 513 2024 medium,
548 1949 578 2008 et
608 1945 678 2008 lecit
712 1964 767 2026 per
796 1945 956 2009 meliorem
987 1949 1017 2008 et
1045 1944 1205 2009 fortiorem
1237 1945 1363 2010 militem

295 2039 412 2098 lentare
435 2053 510 2098 num
542 2039 645 2116 posset
667 2035 807 2098 scindere
831 2052 886 2115 per
909 2034 1060 2112 medium;
1092 2035 1145 2114 qui
1170 2053 1233 2098 non
1258 2037 1364 2116 potuit

240 2141 268 2186 ao
298 2125 333 2186 Et
356 2124 473 2187 remisit
495 2125 568 2204 regi,
599 2122 749 2187 mandans
772 2123 859 2204 quod
883 2141 947 2187 non
971 2123 1121 2202 credebat,
1145 2125 1231 2204 quod
1256 2125 1365 2188 taceret

295 2212 355 2276 sibi
390 2212 544 2291 fraudem,
577 2217 607 2276 et
636 2212 722 2293 quod
753 2213 839 2275 illum
875 2231 980 2276 ensem
1016 2231 1080 2276 non
1112 2214 1241 2277 miserat.
1300 2213 1364 2287 Qui

296 2301 487 2364 remandavit
508 2302 594 2382 quod
623 2302 703 2365 bene
727 2303 856 2379 miserat,
887 2302 942 2366 sed
968 2321 1031 2366 non
1056 2303 1178 2366 miserat
1205 2303 1364 2366 brachium

295 2409 367 2454 cum
392 2409 473 2454 ense.
771 2414 773 2421 ·

387 2479 480 2559 ldem,
513 2480 630 2544 habens
653 2480 779 2544 militem
800 2480 831 2543 in
855 2497 982 2558 carcere,
1006 2479 1123 2543 audivit
1144 2498 1163 2543 a
1185 2480 1365 2545 custodibus

239 2587 269 2633 as
296 2569 385 2650 quod
409 2588 473 2633 non
497 2572 633 2635 cessabat
655 2570 694 2633 de
716 2570 768 2633 die
782 2575 812 2633 et
827 2570 867 2633 de
883 2575 971 2633 nocte
994 2570 1128 2651 aspirare
1147 2574 1176 2633 et
1192 2569 1365 2633 desiderare

295 2665 406 2722 terram
437 2676 534 2722 suam.
582 2659 655 2737 Qui,
687 2660 837 2722 mandans
867 2677 925 2740 pro
956 2676 1006 2737 eo,
1036 2660 1089 2722 ait:
1120 2658 1198 2722 Sunt
1227 2659 1303 2721 silve
1333 2659 1364 2721 in

294 2749 375 2811 terra
397 2748 517 2812 vestri?
565 2748 750 2829 Respondit:
781 2749 864 2813 Non.
894 2784 921 2793 -
945 2748 1023 2812 Sunt
1046 2748 1198 2811 flumina?
1227 2784 1253 2791 —
1282 2748 1364 2809 Non.

303 2874 332 2881 -
363 2837 467 2914 Certe,
503 2837 610 2917 inquit,
646 2855 705 2918 ego
735 2837 818 2901 dabo
849 2837 940 2901 vobis
973 2837 1124 2900 licentiam
1155 2837 1228 2899 illuc
1257 2836 1364 2914 eundi,

151 2981 152 2986 ,
295 2927 457 3007 quianon
482 2944 610 3006 possum
638 2944 695 2990 vos
726 2944 848 3007 ponere,
881 2945 939 3008 pro
968 2944 1059 3008 posse
1087 2944 1166 3002 meo,
1200 2924 1231 2988 in
1256 2925 1364 3004 majori

150 3029 152 3072 v
240 3033 282 3079 roo
296 3034 426 3079 carcere.
473 3017 509 3077 Et
530 3016 575 3079 sic
598 3015 727 3079 recessit.

686 3165 715 3220 4.
756 3157 809 3237 [ι-
834 3156 864 3221 s.
890 3157 974 3238 244]

386 3282 479 3361 ldem,
511 3282 576 3363 [rex
599 3280 782 3362 Philippusl,
812 3281 843 3343 in
871 3286 950 3345 terra
973 3280 1012 3343 de
1040 3281 1195 3345 Gastineis
1223 3282 1366 3362 trequen-

294 3377 370 3450 tans,
405 3372 513 3434 vinum
548 3370 587 3433 de
620 3371 710 3433 vinea
743 3370 903 3450 cujusdam
936 3370 1036 3433 vetule
1070 3369 1200 3434 libenter
1234 3370 1365 3435 bibebat.

295 3460 393 3535 Quod
418 3460 527 3523 videns
548 3460 678 3524 ballivus
701 3464 787 3537 terre,
812 3460 917 3523 institit
936 3459 1019 3540 apud
1036 3458 1137 3522 virum
1159 3478 1216 3541 pro
1237 3460 1366 3524 emenda

294 3551 392 3625 vinea,
414 3567 472 3613 nec
493 3549 599 3613 voluit.
647 3550 716 3630 lpso
736 3553 868 3627 mortuo,
890 3549 995 3612 institit
1011 3549 1095 3629 apud
1116 3550 1284 3628 mulierem,
1305 3567 1367 3629 que

243 3656 282 3702 ros
298 3639 406 3702 renuit.
453 3638 597 3713 Quadam
611 3638 669 3716 die,
690 3638 848 3719 operarios
871 3639 902 3701 in
918 3638 1039 3701 vineam
1055 3638 1144 3716 misit,
1165 3643 1194 3701 et
1211 3656 1245 3701 se
1263 3657 1281 3701 a
1298 3639 1366 3701 viro

296 3730 408 3792 emisse
431 3727 514 3806 dixit,
537 3732 568 3791 et
589 3746 645 3808 per
668 3728 833 3809 potentiam
859 3727 1016 3808 prevaluit.
1063 3728 1095 3789 ln
1119 3726 1251 3789 adventu
1276 3725 1365 3805 regis,

296 3817 408 3881 mulier
431 3822 537 3881 contra
559 3836 631 3881 eum
656 3816 803 3880 clamavit
849 3815 947 3890 Quod
964 3834 1018 3879 rex
1035 3815 1172 3893 audiens,
1196 3815 1236 3878 ait
1252 3814 1366 3878 ballivo

298 3907 384 3987 quod
400 3906 566 3970 adduceret
580 3910 677 3985 testes,
694 3910 724 3969 et
738 3906 782 3970 sic
797 3906 915 3969 clamor
927 3905 1063 3969 mulieris
1073 3907 1209 3967 cessaret
1240 3902 1367 3977 Quibus

297 3996 445 4073 daducfis,
476 3996 597 4059 vocavit
625 3996 727 4058 virum
757 3995 797 4058 ad
828 4001 957 4076 partem.
1010 3994 1106 4071 Scitis,
1139 3992 1245 4072 inquit,
1278 3992 1367 4056 Pater

243 4101 284 4147 110
298 4086 433 4150 Noster?
472 4084 551 4162 Sci0,
576 4084 683 4164 inquit
719 4084 818 4148 Modo
841 4085 892 4148 die
914 4083 999 4146 mihi.
1035 4081 1099 4155 Qui
1115 4081 1198 4158 dixit,
1222 4085 1252 4143 et
1267 4080 1368 4145 emisit

297 4174 447 4255 spiritum.
500 4175 535 4236 El
567 4174 663 4236 alium
698 4174 825 4237 vocavit
871 4174 963 4249 Vere,
997 4171 1050 4249 ait,
1086 4170 1116 4233 in
1150 4170 1246 4233 verbo
1277 4170 1366 4250 regis,

297 4264 399 4327 socius
421 4267 493 4326 tuus
516 4263 556 4327 ita
575 4263 652 4326 dixit
666 4263 830 4340 veritatem,
854 4262 932 4325 sicut
947 4264 992 4323 est
1008 4259 1096 4322 Pater
1111 4260 1236 4337 Noster,
1260 4276 1367 4341 recog-
