3525 5025
796 543 840 554 -
891 514 1044 572 208-

337 705 378 754 un
392 705 448 769 per
478 686 611 752 civitates
637 691 669 750 et
688 687 808 750 castella
836 687 973 767 cogitans
1002 705 1035 750 se
1057 686 1179 751 tandem
1210 686 1250 749 ad
1274 687 1458 769 episcopum

391 776 595 841 hereticorum
629 775 780 854 accedere,
815 779 844 838 et
872 780 946 840 tunc
975 794 1031 857 per
1057 794 1128 839 eum
1151 776 1265 839 diceret
1286 795 1319 840 se
1342 776 1459 839 videre.

391 865 456 940 Qui
491 883 561 928 cum
596 864 651 928 diu
682 865 726 928 sic
754 864 874 928 fecisset
903 868 933 929 et
962 864 1000 928 ad
1032 864 1118 928 illum
1146 865 1268 928 tandem
1292 865 1459 944 accederet,

392 955 510 1018 lumine
532 954 662 1018 totaliter
682 959 727 1018 est
749 955 897 1035 privatus;
921 957 950 1017 et
972 959 1093 1018 coactus
1117 954 1291 1018 necessitate
1314 953 1353 1016 ad
1377 953 1459 1035 epis-

392 1061 506 1125 copum
529 1042 765 1107 christianorum
787 1042 939 1122 accedere,
971 1047 1000 1106 et
1021 1044 1152 1120 accessit,
1180 1043 1268 1122 cuius
1291 1043 1406 1106 meritis
1430 1047 1462 1107 et

337 1150 379 1198 no
394 1132 537 1214 precibus
565 1133 666 1196 visum
694 1132 814 1213 recepit
871 1134 953 1210 Item,
988 1131 1028 1196 de
1055 1133 1198 1196 mandato
1221 1132 1367 1214 episcopi,
1402 1149 1461 1213 per

392 1239 454 1303 que
477 1221 606 1285 tinxerat
627 1239 662 1285 se
683 1239 789 1284 cecum
805 1221 956 1299 discurrit,
979 1225 1008 1284 et
1023 1219 1162 1285 fraudem
1179 1239 1271 1301 quarn
1288 1220 1463 1284 intenderat

392 1311 490 1375 iacere
505 1314 535 1374 et
546 1310 727 1374 miraculum
740 1328 835 1392 super
846 1329 879 1374 se
892 1311 1003 1390 tactum
1017 1310 1165 1374 omnibus
1181 1309 1353 1391 publicavit,
1377 1315 1406 1375 et
1426 1311 1461 1372 in

392 1399 456 1463 tide
479 1399 587 1464 fideles
609 1399 793 1464 confortavit
813 1404 844 1464 et
865 1399 1006 1464 infideles
1029 1400 1184 1464 convertit

770 1550 843 1639 το.Ι
870 1543 924 1623 [--
948 1542 977 1606 S.
1003 1541 1086 1622 sss]

485 1668 597 1732 Mulier
631 1668 774 1749 quedam,
820 1672 944 1732 mortuo
978 1667 1095 1745 marito,
1137 1667 1236 1731 noluit
1269 1665 1409 1731 recedere
1443 1684 1464 1730 a

339 1772 381 1821 ns
393 1757 522 1820 tumulo.
575 1757 679 1832 Quam
702 1756 812 1821 videns
843 1757 939 1834 miles,
969 1755 1147 1820 custodiens
1169 1774 1266 1838 prope
1289 1756 1391 1820 locum
1416 1755 1464 1818 la-

394 1851 523 1924 tronem,
553 1846 592 1909 ad
616 1864 683 1909 eam
706 1845 838 1923 accessit,
868 1849 898 1908 et
921 1845 1031 1912 mulier
1053 1845 1120 1925 eius
1142 1845 1289 1908 voluntati
1313 1844 1463 1908 obedivit

395 1936 528 1998 Etcum
558 1933 670 1999 rediret
700 1940 730 1999 et
759 1935 908 1998 latronem
938 1934 1093 1998 sublatum
1122 1934 1277 2011 inveniret,
1308 1932 1463 1997 rediitad

394 2024 500 2104 ipsam,
523 2023 630 2088 dicens
645 2024 732 2105 quod
747 2028 845 2088 toturn
856 2023 1005 2088 amiserat
1051 2023 1186 2098 Queait:
1209 2023 1308 2100 Absit
1332 2023 1464 2086 maritus

395 2129 484 2176 meus
517 2117 617 2177 rectus
650 2118 680 2176 et
714 2131 819 2177 recens
849 2117 906 2192 est,
940 2113 1166 2194 suspendemus
1195 2130 1265 2175 eum
1290 2111 1360 2176 loco
1384 2111 1465 2191 ejus.

337 2217 381 2265 ano
395 2201 460 2276 Qui
476 2220 546 2265 curn
559 2205 722 2283 portarent,
744 2203 786 2266 ait
801 2203 900 2266 miles:
927 2203 1061 2268 Unicum
1078 2202 1188 2283 pedem
1206 2199 1345 2264 habebat
1388 2200 1465 2275 Que

393 2290 492 2355 statim
515 2291 627 2372 pedem
650 2292 787 2355 abscidit.
833 2292 930 2355 Paulo
954 2296 1036 2374 post:
1061 2290 1247 2355 Monoculus
1270 2293 1341 2354 erat
1389 2289 1465 2364 Que

394 2380 492 2444 statim
509 2379 589 2444 eruit
603 2381 738 2444 oculum.
786 2380 870 2445 Post:
896 2381 1018 2459 Calvus,
1043 2380 1149 2460 inquit,
1165 2383 1237 2443 erat.
1273 2378 1345 2453 Que
1360 2379 1465 2442 statim

394 2468 540 2551 depilavit
561 2488 643 2534 eum.
698 2469 772 2534 ldeo
802 2471 833 2533 ln
856 2488 963 2535 amore
986 2469 1122 2534 mulieris
1145 2485 1210 2533 non
1234 2472 1278 2533 est
1300 2467 1466 2533 conliden-

394 2560 470 2623 dum
493 2560 592 2624 alicui.
