3525 5025
832 524 1073 579 -144-

358 696 447 761 russi
470 694 554 759 nulla
576 694 735 777 cogitacio,
765 714 841 776 ergo
865 712 923 758 nec
945 712 1007 759 cor.
1051 695 1134 775 Aper
1158 694 1213 758 iste
1241 694 1340 781 primo
1363 694 1485 756 intrauit

420 789 522 849 ortum
538 790 568 848 et
582 785 678 848 multa
700 784 780 848 mala
801 784 964 848 commisit.
1004 784 1070 864 Ego
1084 802 1159 847 vero
1182 784 1244 847 hoc
1258 784 1363 847 videns
1375 800 1484 846 aurem

420 874 487 938 eius
519 874 673 937 sinistram
707 873 838 951 abscidi,
872 872 1015 937 clamauit
1045 876 1074 936 et
1107 872 1191 936 toras
1222 873 1325 936 exiuit.
1369 872 1401 937 Si
1433 889 1487 935 cor

421 962 585 1039 habuisset,
608 962 648 1026 de
670 979 745 1026 aure
766 962 879 1026 amissa
900 962 1077 1043 cogitasset,
1100 960 1154 1025 sed
1172 963 1233 1025 hoc
1248 980 1311 1025 uon
1333 962 1410 1038 iecit,
1432 960 1486 1041 qui

422 1052 528 1115 iterato
548 1052 679 1115 intrauit
710 1052 793 1132 Ergo
816 1070 870 1115 cor
894 1068 957 1115 non
982 1051 1124 1128 habebat;
1148 1051 1224 1114 etsi
1248 1069 1302 1115 cor
1324 1050 1487 1128 habuisset,

359 1140 550 1222 insequendo
570 1158 677 1204 aurem
693 1140 760 1205 eius
776 1140 913 1204 dextram
929 1139 1055 1219 abscidi,
1079 1140 1140 1203 hoc
1158 1139 1308 1221 cogitasse
1323 1138 1488 1204 debuisset

422 1228 483 1295 Sed
506 1247 571 1294 non
601 1229 748 1310 cogitauit
769 1230 809 1293 de
830 1247 906 1293 aure
928 1228 1033 1293 dextra
1054 1228 1200 1292 ammissa
1230 1228 1301 1310 plus
1327 1246 1420 1309 quam
1450 1228 1490 1290 de

422 1318 550 1397 sinistra,
584 1318 657 1398 quia
687 1318 778 1383 tercia
809 1318 875 1383 vice
906 1318 1015 1381 iterum
1049 1318 1179 1383 intrauit.
1225 1318 1308 1399 Ergo
1338 1336 1390 1381 cor
1425 1334 1489 1380 uon

423 1408 561 1471 habebat
594 1408 665 1471 ttcm
689 1407 716 1471 si
739 1425 794 1471 cor
816 1408 980 1485 habuisset,
1004 1424 1174 1487 numquam
1199 1411 1269 1488 post
1290 1407 1490 1471 amissionem

422 1496 527 1561 dextre
548 1496 633 1560 auris
654 1496 821 1575 introisset,
850 1496 906 1561 sed
935 1497 996 1560 hoc
1025 1513 1089 1560 non
1117 1496 1257 1560 obstante
1279 1496 1357 1559 tecit.
1406 1497 1491 1576 Ergo

359 1604 414 1651 roas
423 1604 483 1665 ego
506 1585 634 1650 caudam
657 1585 724 1650 eius
745 1585 873 1650 abscidi.
922 1586 958 1649 Et
980 1584 1052 1649 ideo
1075 1602 1129 1649 cor
1151 1602 1215 1648 non
1239 1585 1380 1663 habebat,
1412 1584 1491 1648 etsi

422 1674 529 1739 luisset
557 1674 661 1755 aliqua
691 1692 762 1756 pars
792 1674 896 1739 cordis
918 1674 950 1737 in
975 1692 1021 1753 eo,
1051 1674 1091 1737 de
1117 1674 1245 1738 auribus
1274 1679 1305 1737 et
1330 1674 1370 1737 de
1392 1672 1492 1737 cauda

423 1764 531 1828 intime
553 1764 713 1844 cogitasset
742 1767 772 1827 et
799 1781 971 1844 numquam
1000 1768 1105 1844 postea
1135 1762 1270 1826 redisset
1316 1762 1377 1827 Sed
1402 1762 1493 1826 rediit

423 1858 453 1916 et
486 1853 581 1915 multa
614 1852 694 1916 mala
724 1853 887 1917 commisit
934 1852 1007 1917 ldeo
1038 1870 1110 1917 eum
1141 1851 1249 1916 occidi.
1299 1852 1335 1915 Et
1363 1852 1408 1915 sic
1438 1868 1493 1932 per

423 1941 494 2005 istas
517 1940 656 2005 raciones
678 1942 769 2006 vobis
793 1941 923 2020 ostendi,
947 1942 1034 2022 quod
1058 1959 1122 2005 non
1139 1940 1281 2004 habuerit
1302 1956 1385 2005 cont
1429 1940 1491 2010 Rex

361 2048 496 2095 imovero
519 2048 590 2094 cum
614 2030 675 2094 hoc
695 2030 840 2109 audisset,
864 2049 929 2095 non
953 2031 1052 2112 potuit
1071 2030 1247 2095 racionibus
1270 2031 1491 2104 contradicere;

423 2123 452 2183 et
474 2119 519 2183 sic
540 2119 637 2183 euasit
659 2137 760 2198 cocus,
784 2121 858 2200 quia
881 2120 968 2201 prius
990 2138 1045 2183 cor
1067 2118 1241 2182 commedit

771 2315 848 2397 Cap.
875 2316 936 2379 165
963 2314 1022 2395 (BL
1047 2317 1142 2394 85v.).
1250 2380 1258 2403 f

596 2435 640 2493 De
658 2435 780 2505 camisia,
799 2437 835 2494 de
853 2452 958 2509 panno,
977 2436 1026 2507 qui
1047 2436 1083 2493 lli
1103 2435 1207 2509 poliens
1226 2434 1314 2493 habet.

513 2567 667 2630 Antonius
695 2567 726 2629 in
751 2585 877 2630 romana
909 2567 1027 2630 ciuitate
1051 2566 1197 2646 regnauit
1227 2565 1281 2646 qui
1305 2567 1343 2629 lll
1367 2567 1493 2630 virtutes

425 2655 564 2721 habebat.
602 2656 708 2719 Primo
723 2660 785 2719 erat
800 2655 915 2719 forcior
938 2655 1079 2719 omnium
1104 2655 1266 2718 hominum
1291 2655 1323 2718 in
1347 2673 1493 2737 corpore;

424 2745 563 2809 secundo
585 2745 758 2827 sapiencior
784 2763 820 2808 ac
846 2745 960 2823 dicior;
992 2740 1067 2806 111101
1091 2743 1227 2825 pulcrior
1255 2762 1291 2807 ac
1318 2743 1350 2807 in
1381 2750 1495 2809 statura

362 2851 416 2897 roso
425 2834 565 2916 corporis
603 2834 735 2914 longior.
788 2833 853 2908 Qui
893 2833 947 2897 diu
986 2833 1053 2896 sine
1087 2851 1182 2897 vxore
1215 2832 1298 2897 vixit
1352 2833 1493 2899 Tandem

425 2927 575 2988 venerunt
595 2923 685 2987 amici
713 2928 743 2987 et
768 2922 925 2986 dixerunt:
960 2922 1124 3001 „Domine
1156 2921 1265 2986 melius
1293 2925 1338 2985 est
1364 2941 1493 2988 vxorem

424 3013 561 3094 accipere
583 3015 612 3076 et
635 3011 753 3094 prolem
777 3029 931 3092 generare,
963 3029 1056 3092 quam
1081 3011 1214 3075 sicsine
1236 3029 1330 3074 vxore
1354 3016 1383 3075 et
1406 3013 1496 3092 prole

424 3106 530 3167 sareu
570 3102 610 3166 nt
632 3101 697 3165 ille:
724 3100 912 3179 „Karissimi
936 3101 1026 3165 vobis
1049 3105 1173 3178 constat,
1197 3099 1283 3181 quod
1309 3099 1381 3165 satis
1404 3101 1495 3165 diues

424 3209 459 3254 ac
482 3197 593 3272 potens
614 3209 699 3270 sum,
730 3190 801 3254 ideo
833 3189 956 3253 diuiciis
987 3207 1051 3253 non
1083 3189 1217 3270 indigeo.
1267 3191 1307 3252 lte
1334 3207 1411 3269 ergo
1440 3208 1497 3272 per

363 3297 520 3360 nooregna
543 3285 573 3344 et
595 3284 691 3344 castra
713 3283 743 3343 et
772 3279 865 3343 michi
888 3279 1039 3360 virginem
1071 3296 1262 3358 generosam,
1292 3279 1429 3359 pulcram
1460 3298 1496 3342 ac

425 3369 592 3448 sapientem
627 3370 758 3449 querite!
807 3369 844 3432 Et
873 3369 898 3432 si
930 3369 986 3432 ista
1019 3368 1076 3430 tria
1108 3368 1139 3430 in
1173 3368 1275 3448 aliqua
1306 3367 1495 3446 inueneritis,

426 3456 494 3520 licet
516 3459 709 3538 paupercula,
732 3475 800 3523 eam
825 3458 856 3520 in
880 3475 1008 3522 vxorem
1034 3456 1184 3522 habebo.u
1223 3456 1426 3520 Perrexerunt
1451 3458 1495 3521 illi

427 3563 481 3627 per
504 3563 599 3626 regna
622 3552 650 3611 et
682 3565 738 3628 per
760 3551 864 3611 castra.
911 3547 1050 3611 Tandem
1082 3546 1268 3610 inuenerunt
1298 3545 1431 3627 puellam
1464 3547 1495 3610 in

426 3633 559 3714 quadam
583 3635 703 3699 ciuihte
727 3637 819 3699 nimis
842 3637 990 3717 pulcram,
1022 3635 1192 3716 graciosam
1216 3653 1251 3698 ac
1272 3634 1441 3716 sapientem
1468 3641 1498 3700 et

353 3723 466 3788 monde
495 3723 646 3803 sanguine
674 3743 792 3805 regum,
822 3729 923 3789 tamen
957 3725 1182 3808 pauperculam.
1230 3723 1289 3805 lpsi
1317 3724 1495 3805 imperatori

427 3829 536 3877 omnes
562 3813 689 3877 virtutes
717 3813 950 3878 nunciauerunt.
996 3816 1163 3895 imperator
1184 3831 1259 3877 vero
1282 3811 1405 3876 volebat
1427 3813 1497 3878 eius

425 3901 609 3983 sapienciam
645 3903 788 3984 experiri,
818 3905 942 3967 uocauit
976 3903 1124 3968 nuncium
1159 3906 1188 3966 et
1221 3903 1274 3966 ait:
1312 3902 1408 3967 „Ecce
1437 3903 1495 3967 tibi

425 3990 514 4054 trado
537 4008 675 4072 pannum
700 3992 815 4054 lineum
840 3992 1004 4056 habentem
1026 3993 1057 4055 in
1081 3991 1275 4071 longitudine
1291 3995 1320 4054 et
1335 3990 1496 4055 latitudine

426 4084 542 4144 tanmm
567 4080 604 4143 lll
628 4080 763 4161 pollices.
809 4079 895 4144 Vade
919 4099 994 4162 ergo
1021 4086 1051 4144 et
1081 4080 1213 4162 puellam
1245 4099 1282 4143 ex
1312 4083 1395 4161 parte
1426 4097 1496 4144 mea

365 4170 535 4248 1110saluta;
558 4170 643 4233 trade
662 4169 689 4232 ei
706 4169 796 4234 istum
815 4186 962 4250 pannum,
985 4170 1105 4249 dequo
1121 4168 1291 4232 secundum
1308 4167 1493 4249 sapienciam

427 4276 513 4322 suam
549 4259 638 4321 faciat
667 4258 759 4320 michi
795 4257 950 4318 camisiam
986 4259 1057 4318 satis
1088 4257 1213 4334 longam
1250 4261 1279 4320 et
1311 4257 1400 4320 latam
1436 4276 1493 4338 pro
