3525 5025
833 483 1053 541 ..16-

490 656 572 735 ,Non
596 658 641 719 ast
663 656 723 719 hoc
746 654 861 718 turtum
886 654 1031 733 noctium,
1088 655 1143 718 sed
1170 654 1245 718 corii
1269 653 1489 718 commercium.

438 764 466 811 u
490 744 564 809 Post
586 744 679 825 hujus
702 744 788 824 regni
811 744 977 807 terminum
1045 744 1216 824 sollempne
1239 744 1275 807 fit
1295 744 1472 825 emporium,

491 834 576 898 Dum
601 833 670 896 data
693 832 782 897 bovis
805 834 907 896 tunica
974 834 1090 913 argenti
1114 834 1192 896 ridet
1214 833 1313 913 copia.

489 924 562 988 Non
586 926 631 987 est
653 926 819 985 mercatum
844 921 944 985 simile
1010 922 1088 985 sicut
1109 921 1149 985 de
1172 921 1263 986 bovis
1286 926 1418 1002 tergore,

490 1011 672 1093 Exemplum
696 1010 736 1074 de
759 1030 809 1074 me
832 1029 968 1092 paupere
1034 1011 1060 1074 si
1083 1011 1130 1074 vis
1152 1016 1254 1074 tenere
1277 1012 1415 1091 suscipe‘.

490 1101 563 1166 Post
586 1101 661 1163 baec
684 1100 813 1163 ministri
838 1099 964 1180 publico
1031 1100 1219 1164 conveniunt
1242 1101 1273 1162 in
1298 1102 1399 1165 trivio:

438 1210 466 1255 so
488 1191 585 1254 Villae
608 1189 715 1270 major,
739 1190 939 1270 praepositus,
1006 1188 1111 1269 templi
1134 1189 1277 1253 sacerdos
1302 1190 1429 1254 inclitus.

489 1278 691 1343 Oeconomus
713 1278 858 1341 attonitus
924 1278 990 1341 suis
1012 1278 1102 1341 refert
1124 1279 1290 1341 comitibus

491 1370 613 1433 Famam
639 1367 711 1431 novi
735 1366 919 1443 commercii,
988 1366 1080 1430 unius
1103 1371 1262 1447 quaestum
1286 1370 1372 1431 corii.

489 1458 577 1522 Tunc
598 1456 722 1537 gavisus
745 1456 937 1537 praepositus
1004 1455 1099 1518 factus
1121 1456 1211 1519 tantis
1232 1458 1411 1522 rumoribus

490 1546 649 1610 Profunda
672 1545 723 1608 dat
745 1543 883 1625 suspiria,
951 1561 1022 1607 cum
1047 1562 1162 1625 pompa
1184 1544 1290 1609 dicens
1314 1547 1398 1610 talia:

438 1652 466 1699 us
489 1635 596 1713 ,Vobis
618 1633 717 1697 dicam
742 1632 932 1709 miraculum,
1001 1633 1144 1697 revelabo
1167 1633 1357 1713 prodigium,

488 1724 632 1805 Apertam
655 1721 817 1786 consilium
887 1722 1048 1785 celandum
1072 1722 1319 1787 saluberrimum.

489 1813 520 1877 Si
544 1812 636 1876 vultis
658 1828 725 1875 esse
747 1809 863 1887 divites,
932 1810 957 1874 si
981 1811 1134 1889 fortunati,
1161 1812 1296 1891 comites,

489 1902 580 1976 Quae
602 1920 670 1965 sum
695 1900 828 1963 facturus
850 1900 938 1963 facile
1005 1901 1163 1981 sequenda
1186 1919 1269 1965 nunc
1293 1904 1475 1985 perpendite

489 1992 516 2055 Α
540 1990 652 2055 nostris
675 1989 876 2053 tabernaculis
945 1989 1048 2053 omnis
1071 1990 1194 2053 fortuna
1216 1992 1327 2056 sterilis

440 2100 466 2144 ro
490 2079 634 2143 Discedet
656 2097 711 2160 per
733 2078 952 2142 commercium
1020 2080 1275 2143 commerciorum
1301 2082 1474 2145 maximum.

492 2171 543 2233 Est
565 2167 721 2232 mercandi
744 2168 876 2244 felicitae,
946 2185 1039 2247 quam
1063 2168 1229 2232 transmisit
1251 2169 1402 2248 divinitas,

492 2259 539 2321 De
562 2258 729 2321 vitulorum
753 2257 852 2334 coriis,
921 2257 961 2319 de
984 2256 1146 2320 vitularum
1170 2258 1286 2338 spoliis.

492 2348 552 2411 llic
574 2350 678 2411 noster
701 2363 817 2427 pauper
841 2345 966 2410 Unibos
1034 2346 1124 2409 habet
1147 2346 1260 2409 multos
1283 2347 1433 2425 denarios,

490 2437 581 2511 Quos
605 2453 667 2498 non
693 2439 847 2497 mensurat
870 2452 1010 2514 numero,
1078 2434 1132 2499 sed
1156 2436 1267 2499 ferrato
1290 2438 1428 2501 sextario.

441 2545 467 2590 rs
492 2527 543 2590 Est
566 2526 739 2590 fortunatus
761 2524 864 2588 subito
932 2524 1025 2587 unius
1049 2525 1137 2606 pellis
1160 2526 1265 2606 pretio,

490 2615 594 2689 Quam
618 2614 757 2678 vendidit
779 2614 810 2676 in
835 2612 979 2693 proximo
1047 2619 1157 2678 eventu
1180 2615 1368 2680 felicissimo.

490 2706 563 2770 Non
585 2710 630 2768 est
652 2722 741 2784 opus,
765 2703 823 2766 sub
848 2703 1001 2766 imbribus
1067 2722 1152 2767 arare
1175 2704 1267 2767 nobis
1293 2705 1433 2786 amplius,

490 2794 522 2858 Si
546 2793 682 2876 probatis
705 2812 766 2856 una
789 2791 840 2855 die
909 2792 1090 2874 locupletem
1114 2793 1153 2855 de
1177 2811 1319 2873 paupere.

490 2884 550 2948 Sed
567 2882 653 2964 quod
670 2901 762 2947 narro
778 2881 998 2946 commercium
1060 2883 1212 2945 occultum
1232 2883 1270 2945 sit
1285 2901 1340 2963 per
1355 2883 1497 2947 triduum.

441 2992 468 3037 so
491 2973 522 3037 Si
547 2977 713 3052 trapezetae
736 2975 885 3052 saperent,
952 2974 1112 3051 argentum
1137 2989 1307 3050 numquam
1330 2973 1498 3036 tunderent

492 3063 543 3124 Est
566 3061 641 3124 lacta
663 3058 885 3124 demonstratio
953 3060 1128 3123 commercii
1152 3060 1191 3123 de
1214 3060 1398 3139 commodo;

492 3150 555 3212 fiat
577 3148 764 3226 deliberatio
836 3149 912 3230 quid
937 3149 1029 3213 nobis
1051 3149 1089 3212 sit
1112 3150 1143 3212 in
1165 3149 1288 3214 animo‘.

491 3237 538 3301 Ad
564 3238 638 3300 haec
660 3238 818 3319 suspirans
846 3239 1005 3320 presbyter
1072 3238 1157 3319 prior
1180 3238 1339 3320 respondit
1362 3239 1499 3322 impiger,

492 3327 606 3389 Plenus
630 3343 728 3390 novae
752 3327 877 3391 laetitiae
946 3328 1132 3408 plusquam
1156 3328 1253 3407 possit
1275 3328 1450 3393 ostendere:

441 3434 468 3480 aa
491 3415 522 3479 Si
545 3415 713 3478 imitaretur
737 3416 924 3494 Unibovem,
985 3435 1074 3495 ‚uxor
1096 3435 1188 3497 quam
1212 3417 1287 3480 duxi
1311 3418 1459 3496 nobilem,

492 3505 553 3568 Pro
576 3504 648 3566 tanti
673 3504 747 3566 lucri
771 3523 826 3584 spe
849 3506 933 3569 bona
1001 3524 1073 3570 mox
1097 3511 1210 3570 careret
1233 3507 1391 3588 pellicula‘.

492 3595 567 3657 Mox
590 3593 689 3672 maior
711 3592 799 3656 villae
823 3594 935 3673 tertius,
995 3595 1128 3659 habendi
1152 3597 1201 3659 cui
1225 3613 1289 3658 non
1313 3600 1357 3659 est
1380 3596 1501 3673 modus,

492 3683 581 3757 Quae
605 3682 745 3762 concepit
767 3701 803 3744 ex
828 3682 930 3746 tabula
998 3686 1142 3749 eructavit
1165 3684 1320 3765 prodigia:

492 3773 560 3851 ,Per
583 3771 674 3833 istum
697 3771 767 3849 juro
792 3770 944 3848 baculum,
1014 3792 1069 3853 per
1091 3792 1205 3855 corpus
1222 3774 1281 3837 hoc
1297 3773 1503 3855 perspicuum,

442 3878 470 3924 so
493 3862 524 3926 Si
549 3859 704 3923 ruminant
727 3858 864 3922 diluculo
933 3860 993 3923 mei
1017 3861 1113 3926 boves
1136 3865 1168 3926 in
1192 3863 1331 3927 stabulo‘.

494 3951 622 4012 Dextras
644 3949 757 4012 furtivo
781 3948 907 4012 foedere
975 3949 1108 4013 vicissim
1132 3957 1245 4016 certant
1266 3955 1398 4032 tangere,

494 4041 536 4104 Ut
559 4038 635 4101 clam
661 4038 757 4102 boves
779 4038 983 4114 excerebrent,
1052 4038 1224 4104 interfectos
1247 4041 1408 4104 excorient.

494 4127 615 4192 firmati
639 4146 693 4208 per
716 4127 847 4190 stultiam
918 4126 1089 4207 procedunt
1110 4127 1149 4190 ad
1174 4129 1336 4205 insaniam;

494 4219 624 4280 Mactant
648 4217 743 4280 boves
767 4216 936 4292 crudeliter,
1004 4215 1192 4276 excoriantes
1214 4216 1328 4278 acriter.
