3525 5025
693 532 935 587 -201—

279 701 311 763 in
334 702 415 780 toro,
439 702 490 764 ille
506 701 559 782 qui
575 701 755 765 vendiderat
776 703 899 766 archam
922 703 1047 783 aperuit,
1072 708 1100 766 et
1119 703 1192 766 inde
1207 704 1351 769 sacerdos

279 791 430 858 contusus
464 795 494 856 et
526 790 646 854 derisus
679 792 718 854 ab
753 792 901 856 omnibus
933 791 1032 855 exivit.
1089 792 1185 866 Quod
1220 793 1351 858 audiens

280 883 455 964 episcopus,
477 879 575 943 voluit
598 880 710 943 habere
730 880 769 945 de
787 885 964 962 contempto
980 885 1128 961 quantum
1152 881 1229 945 alius
1253 883 1350 946 habu-

281 976 343 1034 erat
366 970 406 1034 de
429 970 527 1032 archa
574 969 645 1032 lloc
674 968 746 1033 ideo
769 969 841 1047 dixi,
873 975 906 1032 ut
928 970 1052 1034 videant
1078 970 1205 1034 adulteri
1237 977 1350 1052 quanta

222 1082 259 1128 sos
281 1061 338 1124 erit
360 1059 405 1122 eis
427 1058 579 1135 contusio,
610 1076 681 1121 cum
710 1077 812 1123 coram
842 1064 908 1123 toto
940 1059 1060 1123 mundo
1092 1065 1211 1140 peccata
1240 1078 1348 1124 eorum

282 1149 524 1212 denudabuntur
554 1152 584 1210 et
613 1147 855 1226 contundentur,
886 1153 916 1211 et
945 1149 1037 1212 derisi
1068 1150 1108 1212 ab
1139 1149 1287 1213 omnibus
1317 1151 1348 1213 in

281 1239 437 1302 infernum
461 1235 659 1301 deducentur.

658 1387 708 1444 40.
749 1379 966 1460 1=S.414.]

369 1503 485 1567 Audivi
501 1503 587 1584 quod
609 1503 735 1584 quidam
759 1504 912 1582 monachi,
935 1504 1091 1566 venientes
1106 1503 1145 1566 ad
1162 1503 1350 1584 Saladinum,

281 1594 463 1675 inceperunt
486 1611 556 1656 eum
581 1612 708 1657 monere
730 1593 769 1655 ad
793 1592 1037 1657 conversionem.
1077 1591 1128 1656 llle
1151 1598 1251 1656 autem
1275 1613 1350 1675 que-

221 1705 259 1750 soo
281 1684 351 1747 sivit
374 1682 414 1745 de
438 1681 587 1762 religione
610 1701 727 1760 eorum,
755 1682 795 1745 de
817 1682 898 1745 victu
920 1687 949 1744 et
971 1681 1165 1760 abstinencia,
1197 1688 1225 1746 et
1248 1683 1273 1747 si
1297 1685 1350 1747 ab·

281 1773 429 1836 stinerent
451 1790 470 1834 a
492 1771 635 1835 carnibus
658 1777 687 1834 et
709 1791 726 1834 a
746 1771 928 1834 mulieribus
944 1775 974 1834 et
987 1789 1005 1834 a
1020 1770 1106 1849 vino;
1131 1772 1184 1852 qui
1209 1771 1352 1836 dixerunt

283 1861 394 1942 [quod]
420 1880 438 1923 a
460 1861 604 1924 carnibus
634 1865 663 1924 et
693 1860 875 1924 mulieribus
904 1860 1104 1938 abstinebant,
1136 1879 1154 1924 a
1176 1861 1250 1925 vino
1274 1880 1350 1927 non.

281 1951 346 2026 Qui
371 1949 485 2031 recepit
506 1967 561 2013 eos
584 1950 764 2028 honorilice,
788 1954 817 2012 et
832 1949 902 2012 tecit
922 1949 1020 2030 parari
1037 1948 1162 2013 delicata
1178 1951 1349 2014 secundum

282 2058 402 2104 morem
434 2057 556 2117 eorum,
587 2039 654 2101 sine
684 2039 773 2117 vino,
808 2042 849 2117 et,
881 2057 951 2101 cum
983 2037 1164 2117 dormirent,
1196 2040 1277 2103 misit
1307 2041 1352 2104 eis

154 2164 155 2189 r
222 2148 260 2194 ms
283 2129 422 2193 mulieris
444 2127 483 2192 ad
499 2127 725 2191 sollicitandum
749 2145 811 2191 eos.
851 2128 910 2208 lpsi
934 2132 1033 2192 autem
1058 2146 1109 2192 eas
1130 2146 1148 2191 a
1171 2146 1204 2192 se
1226 2129 1352 2193 viriliter

281 2220 461 2298 abegerunt.
509 2218 584 2280 Post
605 2217 795 2297 aliquantum
820 2217 975 2297 temporis
1000 2235 1069 2281 cum
1094 2217 1311 2282 abstinuissent
1333 2237 1351 2282 a

154 2370 155 2415 1
281 2308 364 2385 vino,
389 2307 460 2370 tecit
482 2306 527 2370 eis
549 2307 647 2387 parari
671 2306 775 2370 minus
797 2305 935 2384 delicate,
959 2312 1059 2369 tamen
1083 2306 1190 2369 vinum
1215 2307 1284 2370 tecit
1307 2308 1352 2371 eis

154 2428 155 2439 .
282 2397 441 2478 propinari
472 2395 683 2459 fortissimum.
730 2394 774 2457 llli
802 2399 912 2474 autem,
943 2395 1015 2475 quia
1039 2413 1056 2457 a
1079 2395 1153 2458 vino
1177 2395 1231 2458 diu
1258 2397 1351 2460 absti-

282 2490 420 2565 nuerant,
443 2484 564 2552 avidius
587 2484 739 2563 biberunt,
763 2503 827 2549 non
851 2488 1054 2566 temperantes
1069 2485 1176 2549 vinum
1202 2490 1235 2549 ut
1258 2503 1350 2567 opor-

225 2577 395 2653 nnotuisset,
431 2594 488 2639 nec
521 2579 766 2655 temperaverunt
799 2594 832 2638 se
865 2594 884 2638 a
917 2575 1007 2652 vino,
1045 2576 1108 2651 sed,
1144 2592 1214 2638 cum
1250 2581 1351 2639 essent

283 2665 423 2729 inebriati
447 2668 477 2728 et
499 2664 584 2744 quasi
602 2664 763 2744 consopiti,
787 2664 869 2727 misit
891 2663 930 2726 ad
954 2682 1008 2728 eos
1032 2663 1176 2728 mulieres
1191 2664 1293 2742 dictas,
1318 2665 1349 2727 in

283 2754 399 2834 quibus
422 2752 653 2817 sollicitantibus
677 2753 869 2816 incurrerunt
884 2752 1019 2833 absorpti
1036 2753 1122 2816 vino:
1148 2753 1231 2817 unde
1251 2753 1352 2817 dictus

283 2844 469 2907 Sarracenus
491 2842 658 2906 confutavit
680 2860 743 2905 eos.

660 2994 710 3050 41.
751 2985 804 3065 [κ
829 2984 858 3048 s.
883 2984 968 3065 aas]

374 3110 498 3189 Legitur
528 3109 558 3172 in
589 3109 724 3189 antiquis
754 3110 889 3173 historiis
920 3114 949 3171 et
979 3109 1110 3172 cronicis
1141 3108 1226 3188 quod
1251 3107 1350 3171 Adam

228 3215 377 3263 roossenex
400 3202 515 3278 guttam
546 3198 727 3279 patiebatur,
758 3202 786 3261 et
810 3198 891 3263 misit
921 3198 1020 3260 tilium
1044 3216 1135 3261 suum
1161 3197 1287 3261 Sethum
1312 3198 1351 3261 ad

284 3288 462 3352 orientalem
486 3287 617 3369 plagam,
640 3287 679 3350 ad
704 3292 822 3369 portam
846 3286 977 3368 paradisi
1002 3288 1157 3366 terrestris,
1182 3292 1215 3349 ut
1231 3293 1353 3368 rogaret

284 3378 438 3457 angelum,
467 3376 625 3440 custodem
650 3376 724 3455 ejus,
756 3381 789 3439 ut
811 3376 897 3438 daret
918 3376 977 3439 sibi
1002 3376 1041 3439 de
1064 3377 1135 3439 oleo
1159 3378 1206 3439 vel
1231 3378 1351 3458 liquore

286 3470 427 3530 manante
450 3466 490 3528 de
512 3466 623 3530 arbore
646 3465 863 3543 misericordie,
888 3484 981 3545 quam
1005 3466 1121 3528 viderat
1144 3466 1174 3528 in
1200 3468 1352 3547 paradise,

152 3565 153 3650 i
285 3560 318 3619 ut
339 3556 380 3619 de
404 3555 457 3618 illo
487 3554 607 3635 liquore
638 3559 804 3634 ungeretur
834 3560 863 3617 et
893 3559 1056 3618 curaretur.
1102 3554 1162 3619 Cui
1194 3557 1353 3636 respondit

152 3679 153 3688 .
228 3659 277 3706 1010
285 3645 413 3725 angelus
436 3643 522 3724 quod
545 3645 659 3707 diceret
681 3644 757 3724 patri
777 3644 862 3723 quod
880 3649 1049 3725 expectaret
1072 3645 1218 3724 patienter
1240 3662 1353 3725 usque·

286 3753 349 3814 quo
379 3734 497 3798 veniret
526 3733 676 3810 Christus,
712 3733 766 3812 qui
797 3733 956 3796 credentes
990 3734 1021 3795 in
1056 3752 1089 3797 se
1122 3737 1250 3812 ungeret
1281 3734 1353 3797 oleo

286 3823 494 3887 misericordie
517 3841 579 3902 sue,
604 3841 658 3903 per
673 3822 761 3901 cujus
777 3823 953 3886 unctionem
970 3826 1209 3903 consequeretur
1224 3822 1351 3885 salutem

286 3917 429 3978 eternam.
477 3913 598 3975 instanti
632 3916 733 3974 autem
768 3911 840 3975 Seth
876 3912 1018 3992 precibus
1053 3916 1081 3974 et
1115 3911 1238 3973 fletibus
1268 3910 1355 3973 dedit

287 4020 405 4065 ramum
430 4000 512 4064 illius
535 4001 662 4078 arboris,
693 4019 786 4080 quem
819 4006 904 4081 pater
933 4018 1009 4065 suus
1039 3999 1183 4081 plantavit
1213 3999 1244 4061 in
1275 4004 1353 4062 terra

229 4102 279 4150 uua
288 4091 510 4171 promissionis,
543 4096 572 4154 et
601 4090 694 4153 crevit
724 4090 755 4151 in
786 4091 929 4153 arborem
960 4090 1144 4166 mirabilem;
1180 4106 1249 4167 que,
1280 4106 1351 4151 cum

287 4179 392 4244 fuisset
428 4180 537 4256 accisa,
576 4179 743 4243 Salomone
777 4178 939 4242 edificante
976 4179 1138 4259 templum,
1178 4195 1247 4240 cum
1288 4194 1352 4240 non

288 4269 411 4334 haberet
438 4270 470 4332 in
501 4287 539 4331 eo
567 4270 679 4346 locum,
710 4268 780 4330 tecit
806 4268 846 4330 de
877 4286 913 4329 ea
945 4266 1171 4330 reclinatorium
1196 4266 1227 4328 in
1251 4284 1289 4329 eo
1313 4267 1353 4330 ad
