3525 5025
819 518 1063 576 -162—

409 707 473 754 non
497 689 577 753 bene
600 689 713 770 recepit
734 693 769 752 ut
790 689 963 754 mercedem
979 708 1066 754 suam
1083 691 1229 772 reciperet
1248 692 1280 754 in
1298 694 1359 756 hoc
1374 694 1477 758 seculo

408 783 439 842 et
461 779 493 842 in
515 777 578 842 alio
600 778 706 842 seculo
729 779 845 842 nullam
868 778 960 842 aliam
984 780 1107 843 haberet
1123 781 1367 846 retributionem.
1400 783 1478 847 Sub-

353 885 396 932 111
411 867 502 931 mersi
524 871 626 930 autem
641 867 823 930 servientem
839 867 926 932 illum
943 869 997 949 qui
1018 869 1191 933 firmaverat
1213 869 1244 932 in
1268 871 1376 935 animo
1392 873 1477 952 quod

408 955 547 1036 sequenti
570 953 623 1020 die
652 955 815 1020 dominum
841 974 933 1020 suum
965 957 1117 1022 occideret
1142 963 1171 1022 et
1199 959 1238 1022 ita
1261 960 1382 1023 bonum
1408 962 1478 1025 hos·
1602 1035 1603 1046 ἵ

409 1046 502 1127 pitem
526 1050 666 1110 nostrum
689 1063 708 1108 a
731 1051 829 1110 morte
856 1047 982 1109 liberavi
1008 1050 1037 1110 et
1057 1064 1181 1110 servum
1205 1065 1296 1112 snum
1321 1050 1361 1112 ab
1378 1049 1478 1114 homi-

408 1133 491 1198 cidio
514 1135 626 1216 operis,
657 1135 711 1215 qui
732 1134 795 1215 jam
820 1134 976 1199 homicida
999 1140 1061 1199 erat
1083 1137 1245 1218 proposito
1265 1138 1345 1201 male
1368 1139 1478 1203 volun·
1602 1175 1603 1182 ,

409 1223 484 1301 tatis,
508 1229 542 1286 ut
564 1223 668 1288 minus
691 1223 851 1304 puniretur
872 1224 904 1286 in
923 1224 1053 1288 inferno.
1092 1224 1229 1299 Quartus
1243 1231 1346 1289 autem
1364 1228 1479 1310 hospes

353 1319 522 1391 1111111111,
555 1317 720 1393 antequam
751 1313 850 1376 illium
886 1313 1018 1392 haberet,
1053 1315 1148 1377 multa
1178 1315 1261 1378 bona
1291 1315 1422 1380 iaciebat
1451 1324 1480 1380 et

409 1401 558 1482 quicquid
581 1417 676 1482 supra
689 1401 803 1464 victum
820 1407 849 1465 et
864 1403 1004 1466 vestitum
1023 1403 1135 1466 habere
1155 1408 1273 1485 poterat
1287 1407 1481 1486 pauperibus

409 1490 593 1568 reservabat;
629 1509 749 1568 verum,
788 1495 859 1555 nato
896 1491 937 1554 illi
973 1491 1052 1570 lilio,
1092 1510 1217 1554 manum
1252 1493 1293 1556 ab
1328 1495 1481 1574 operibus

409 1579 619 1643 misericordie
642 1583 804 1642 retraxerat
826 1585 855 1644 et
877 1581 983 1644 onmia
1011 1581 1077 1644 lilio
1100 1599 1158 1644 suo
1182 1582 1363 1646 reservabat.
1412 1586 1481 1664 Ego

407 1674 509 1732 autern
548 1667 702 1732 materiam
741 1669 870 1732 avaricie
908 1669 1038 1732 domino
1078 1669 1263 1750 precipiente
1298 1673 1412 1736 abstuli
1452 1679 1482 1736 et

353 1757 542 1822 unanimam
579 1757 666 1838 pueri
704 1757 876 1822 innocentis
911 1758 942 1820 in
978 1758 1120 1839 paradiso
1154 1759 1330 1823 collocavi.u
1380 1761 1481 1836 Quod

408 1846 537 1910 audiens
560 1847 706 1910 heremita
729 1846 873 1911 liberatus
897 1851 942 1910 est
963 1847 1003 1910 ab
1026 1849 1132 1910 omnia
1154 1849 1352 1929 temptatione
1372 1855 1402 1913 et
1419 1851 1480 1915 Dei

407 1934 605 2017 judiciaque
627 1941 700 1999 sunt
720 1935 851 2017 abyssus
874 1936 970 1999 multa
992 1936 1071 2017 cepit
1093 1937 1275 2016 glorificare.

773 2079 823 2142 15.
863 2078 917 2158 [=
942 2079 1002 2142 No.
1029 2085 1100 2144 119.
1602 2137 1603 2148 ¹

499 2201 593 2267 Unde
616 2201 727 2265 dicitur
748 2202 788 2266 de
811 2201 999 2265 Sarahadine
1016 2079 1140 2266 Damlsi
1164 2208 1193 2266 el
1211 2203 1320 2284 Egypti
1345 2205 1481 2270 soldano
1602 2159 1603 2214 ἕ

408 2291 503 2372 quod,
542 2291 722 2354 imminente
759 2292 867 2354 mortis
904 2291 1040 2369 articulo,
1079 2291 1213 2372 precepit
1250 2297 1284 2355 ut
1317 2294 1480 2358 modicum
1602 2347 1603 2380 ,

352 2381 468 2445 1111111
497 2397 552 2460 per
575 2384 672 2444 toturn
701 2397 831 2460 regnum
862 2398 954 2443 suum
985 2380 1215 2444 circumferetur
1245 2386 1315 2462 post
1345 2387 1480 2447 mortem
1602 2381 1603 2386 ’

410 2470 515 2551 ipsius,
547 2473 576 2533 et
597 2487 674 2534 voce
704 2470 882 2551 preconaria
905 2469 1085 2534 clamaretur
1112 2469 1197 2551 quod
1222 2471 1315 2535 nichil
1343 2473 1483 2554 amplius

408 2578 511 2623 secum
541 2559 698 2623 deferebat
725 2578 762 2621 ex
789 2560 1022 2640 omnibusque
1050 2560 1188 2623 habebat.
1241 2560 1334 2625 Unde
1354 2563 1415 2642 Job
1439 2564 1483 2627 de

408 2650 496 2713 vanis
518 2653 548 2712 et
568 2648 709 2728 reprobis
737 2648 918 2711 hominibus
940 2648 993 2711 ait:
1025 2649 1120 2714 „Elati
1151 2654 1223 2712 sunt
1248 2649 1287 2712 ad
1316 2651 1481 2714 modicum
1602 2682 1603 2711 r

408 2743 438 2802 et
460 2756 524 2802 non
548 2737 715 2801 subsistent
737 2737 811 2817 quia
829 2738 929 2801 carnis
952 2738 1051 2818 gloria
1074 2737 1149 2801 dum
1173 2738 1247 2801 nitet
1269 2739 1349 2802 cadit
1364 2755 1390 2801 ‚¹⁴
1411 2786 1417 2801 .
1441 2792 1449 2805 .
1473 2792 1481 2807 ,
1602 2726 1603 2797 l

770 2883 819 2942 ra.
860 2879 1000 2959 1=n0.
1028 2880 1112 2960 aaa]
1602 2836 1603 2865 ¹

353 3024 396 3072 111
502 3004 646 3084 Legimus
675 3006 776 3066 autern
808 3003 894 3084 quod
923 3004 1050 3083 quidam
1079 3005 1182 3082 homo,
1213 3004 1288 3066 dum
1317 3004 1482 3083 lugereta
1602 3046 1603 3055 ,

409 3093 486 3157 iacie
516 3092 687 3171 unicornis,
728 3092 842 3156 decidit
875 3092 907 3155 in
943 3093 1064 3156 foveam
1102 3111 1244 3173 magnam
1279 3097 1309 3155 et
1346 3093 1481 3175 profun-

408 3182 489 3259 darn,
518 3186 555 3259 et,
583 3180 715 3245 extensis
738 3182 889 3260 manibus,
919 3181 1123 3263 apprehendit
1149 3181 1342 3245 arbusculam
1371 3200 1481 3263 unam,
1602 3198 1603 3265 l

408 3276 437 3335 et
470 3270 611 3351 aperiens
645 3270 754 3334 oculos
787 3270 864 3333 vidit
901 3271 982 3335 duos
1021 3289 1136 3347 mures,
1174 3289 1271 3333 unum
1305 3270 1411 3335 album
1448 3284 1482 3335 et
1602 3280 1603 3359 l

407 3359 503 3423 alium
532 3359 665 3440 nigrum,
694 3360 857 3423 arbuscule
885 3359 1017 3424 radicem
1050 3361 1234 3423 incessanter
1264 3359 1415 3438 rodentes,
1447 3367 1482 3425 et
1602 3400 1603 3415 ,

354 3468 395 3514 111
411 3450 538 3530 insuper
560 3453 694 3530 quatuor
722 3448 865 3529 aspidum
890 3449 985 3530 capita
1008 3467 1070 3529 que
1099 3449 1241 3512 arborem
1270 3448 1481 3513 corrodebant
1602 3476 1603 3523 r

408 3542 438 3602 et
452 3539 683 3616 consumebant,
700 3542 729 3601 et
744 3538 774 3600 in
791 3538 892 3601 fundo
907 3537 995 3601 iovee
1007 3537 1083 3601 vidit
1098 3537 1285 3601 drachonem
1302 3537 1479 3617 cupientem
1602 3550 1603 3607 ἶ

408 3628 511 3709 ipsum
547 3628 703 3691 devorare.
749 3626 899 3707 Superius
932 3632 1032 3690 autem
1067 3645 1161 3708 supra
1195 3630 1285 3707 caput
1318 3626 1385 3706 ejus
1418 3627 1480 3693 iilo

408 3717 492 3781 tenui
516 3716 670 3797 pendebat
684 3716 806 3796 gladius
829 3716 1021 3780 acutissimus
1037 3716 1090 3798 qui
1107 3716 1195 3797 capiti
1220 3716 1286 3794 ejus
1309 3716 1480 3782 imminens

410 3809 531 3886 paratus
558 3811 621 3869 erat
652 3806 753 3886 ipsum
787 3805 950 3885 perforare.
997 3805 1078 3869 Cum
1102 3810 1203 3868 autem
1235 3805 1267 3867 in
1290 3808 1374 3868 tanto
1397 3811 1480 3869 esset

353 3910 396 3957 111
410 3893 548 3975 periculo
574 3894 627 3973 [io.
647 3894 750 3975 10410]
776 3894 898 3957 elevatis
921 3894 1019 3958 oculis
1034 3894 1110 3958 vidit
1125 3894 1283 3957 modicum
1308 3894 1366 3957 mel
1388 3896 1479 3974 quod
1602 3956 1603 3959 ,

409 3982 449 4046 de
464 3982 557 4045 ramis
579 3982 742 4045 arbuscula
753 3981 924 4059 distillabat,
941 3988 970 4046 et
985 3984 1083 4047 statim
1099 3987 1253 4047 tantorum
1266 3983 1477 4064 periculorum
1602 3996 1603 3999 ’

409 4071 531 4149 oblitus,
562 4071 642 4151 cepit
664 4088 791 4132 manum
815 4072 973 4151 porrigere
996 4077 1025 4135 et
1048 4072 1147 4135 mellis
1169 4071 1324 4135 dulcedini
1348 4071 1478 4151 inhiare,

408 4165 437 4219 et
452 4176 522 4219 ecce
537 4159 641 4220 subito
657 4164 685 4219 et
701 4159 872 4234 improviso
895 4159 1006 4221 arbore
1029 4178 1090 4236 que
1105 4160 1326 4223 corrodebatur
1340 4160 1477 4239 cadente,
1602 4190 1603 4221 1

407 4247 437 4304 et
469 4243 575 4320 gladio
609 4243 734 4304 cadente
769 4259 863 4319 super
897 4248 986 4319 caput
1019 4245 1098 4320 eius,
1138 4248 1253 4309 corruit
1286 4248 1316 4310 in
1352 4248 1476 4313 foveam
1602 4286 1603 4301 ,
