3525 5025
845 521 1090 578 -148-

434 692 552 773 angulo
574 691 689 756 domus
710 709 807 754 vuum
831 689 964 771 lapidem
990 691 1128 772 politum,
1151 691 1205 771 qui
1225 696 1353 755 vocatur
1374 693 1504 756 carbun-

436 781 532 860 culus,
554 799 573 844 a
595 799 661 861 quo
682 784 746 844 tota
767 779 882 843 domus
909 780 1013 843 lumen
1038 780 1158 860 recepit
1206 782 1250 843 Ex
1274 781 1420 861 opposito
1443 801 1505 845 car-

436 869 564 935 bunculi
587 870 619 933 in
641 869 705 933 alio
725 868 844 950 angulo
858 869 936 932 vidit
958 869 1117 933 hominem
1134 872 1261 933 stantem
1279 869 1505 951 habentemque

374 959 470 1024 uuio
494 977 588 1022 manu
618 975 675 1023 sua
696 976 802 1021 arcum
833 963 972 1038 paratum
1004 976 1074 1021 cum
1104 959 1211 1038 sagitta
1239 963 1269 1022 at
1298 959 1505 1038 sagittandum

436 1047 668 1124 carbunculum,
699 1050 729 1110 et
751 1048 783 1110 in
806 1045 908 1111 fronte
937 1047 1004 1110 eius
1031 1051 1095 1110 erat
1116 1047 1277 1127 scriptum:
1312 1049 1400 1127 „Ego
1427 1065 1506 1126 sum,
1601 1081 1602 1134 p

437 1136 491 1218 qui
514 1154 593 1214 sum,
616 1142 646 1200 et
668 1136 772 1199 nullus
795 1139 894 1216 potest
916 1136 1010 1198 vitare
1031 1136 1157 1199 archum
1184 1150 1317 1198 meum.u
1367 1135 1508 1200 Clericus
1601 1145 1602 1202 1

437 1243 507 1290 cum
524 1225 585 1289 hoc
598 1225 732 1302 vidisset,
755 1225 984 1302 ammirabatur;
1008 1241 1159 1288 cameram
1175 1225 1299 1288 intrauit
1313 1228 1342 1288 et
1363 1226 1509 1289 mulieres

438 1314 659 1396 pulcherrimas
689 1314 721 1376 in
756 1331 893 1395 purpura
923 1317 953 1376 et
986 1313 1081 1394 bysso
1115 1318 1276 1394 operantes
1311 1314 1445 1392 inuenit;
1480 1320 1510 1377 et

376 1423 430 1470 run
439 1404 559 1468 nullum
597 1403 728 1467 verbum
766 1403 794 1465 ei
827 1400 978 1465 dixerunt
1026 1402 1149 1465 Deinde
1187 1403 1309 1465 intrauit
1345 1403 1508 1483 quoddam

438 1492 591 1556 stabulum
620 1495 649 1554 et
679 1491 815 1572 optimos
844 1507 943 1570 equos
973 1491 1103 1569 inuenit;
1141 1510 1221 1572 quos
1251 1510 1321 1555 cum
1353 1492 1509 1573 tetigisset,
1601 1535 1602 1540 κ

439 1599 494 1662 per
515 1585 627 1644 tactum
651 1579 768 1661 lapides
796 1584 1012 1661 apparuerunt.
1059 1581 1129 1644 Hoc
1158 1580 1237 1644 tacto
1261 1599 1372 1644 omnes
1394 1582 1511 1646 domos

440 1687 494 1750 per
527 1669 670 1732 ordinem
705 1668 837 1732 visibuit
862 1674 900 1747 et,
935 1667 1088 1749 quidquid
1124 1688 1178 1733 cor
1208 1669 1274 1732 eius
1305 1669 1509 1749 desiderabat,

440 1759 566 1822 inuenit
624 1758 748 1821 Deinde
780 1758 881 1821 aulam
918 1757 1041 1820 intrauit
1074 1757 1151 1821 sicut
1185 1758 1271 1838 prius
1302 1763 1331 1821 et
1366 1760 1510 1822 recedere

378 1866 431 1912 rato
439 1847 569 1911 volebat.
605 1848 637 1909 ln
661 1847 755 1910 corde
777 1864 837 1910 suo
859 1846 1011 1926 cogitabat
1032 1865 1068 1909 ac
1089 1847 1221 1910 dicebat:
1248 1848 1424 1912 „Mirabilia
1447 1848 1511 1910 vidi
1601 1907 1602 1932 ,

440 1936 535 2000 hodie
557 1942 588 1999 et
608 1935 753 2016 quidquit
775 1937 872 1999 bomo
896 1935 1054 2008 desiderat,
1085 1935 1139 1998 sed
1164 1936 1269 1999 nullus
1296 1935 1399 1999 credet
1422 1937 1512 2001 dictis

440 2026 525 2089 meis.
572 2025 695 2088 Bonum
719 2041 795 2105 ergo
818 2023 923 2087 estad
953 2024 1149 2105 probacionis
1172 2025 1295 2104 signum
1319 2043 1355 2088 ac
1377 2026 1512 2089 veritatis

439 2113 557 2195 aliquid
580 2132 701 2178 mecum
726 2117 874 2194 portareu
918 2113 1060 2195 Respexit
1081 2113 1120 2176 ad
1145 2131 1282 2177 mensam
1306 2115 1511 2194 superiorem,
1601 2125 1602 2158 1

440 2203 517 2267 vidit
531 2203 648 2284 cyphos
663 2221 774 2267 aureos
785 2207 814 2266 et
829 2202 969 2266 cultellos
985 2202 1130 2284 optimos.
1154 2202 1203 2266 Ad
1221 2219 1358 2266 mensam
1377 2205 1511 2280 accessit,

378 2309 537 2356 1suvnum
554 2311 591 2354 ex
607 2291 706 2371 ciphis
726 2309 797 2355 cum
816 2308 880 2354 vno
901 2291 1024 2354 cultello
1043 2291 1163 2368 leuauit,
1187 2296 1221 2355 ut
1240 2310 1343 2355 secum
1367 2297 1511 2372 portaret.
1601 2291 1602 2366 l

441 2380 523 2444 Cum
547 2398 621 2444 vero
645 2381 677 2442 in
700 2381 803 2444 sinum
825 2398 918 2444 suum
935 2380 1119 2457 collocasset,
1144 2380 1248 2458 hom0,
1273 2381 1327 2460 qui
1344 2381 1375 2442 in
1392 2382 1511 2462 angulo

440 2471 544 2548 stabat,
577 2487 647 2533 cum
671 2487 743 2533 arcu
767 2470 904 2551 sagittam
928 2469 1038 2533 direxit
1060 2471 1098 2533 ad
1123 2471 1345 2534 carbunculum
1369 2474 1399 2533 et
1422 2470 1511 2534 illum
1601 2477 1602 2533 Ὺ

441 2559 592 2639 sagittauit
613 2578 649 2621 ac
672 2559 703 2621 in
728 2559 787 2638 (Βὶ.
812 2560 898 2638 96ν.)
923 2559 1034 2623 multas
1056 2564 1155 2640 partes
1178 2560 1275 2640 fregit.
1310 2560 1415 2623 Statim
1441 2562 1512 2623 aula
1601 2558 1602 2615 l

441 2649 517 2712 tacta
529 2652 574 2712 est
589 2652 649 2710 tam
666 2648 828 2711 tenebrosa
843 2648 920 2711 sicut
936 2665 1007 2713 nox.
1031 2648 1170 2712 Clericus
1186 2650 1242 2713 hec
1256 2649 1365 2712 videns
1381 2648 1513 2712 totaliter
1601 2666 1602 2741 ζ

380 2756 433 2803 12⁵0
442 2741 651 2802 consternatus
674 2741 726 2815 est,
744 2741 874 2819 ,propter
894 2736 1019 2799 nimiam
1044 2738 1258 2801 obscuritatem
1277 2739 1357 2801 viam
1375 2739 1512 2802 exeundi
1601 2772 1602 2807 r

443 2827 581 2891 inuenire
604 2843 669 2889 non
686 2830 802 2907 poterat
817 2826 904 2888 etsie
923 2824 954 2886 in
970 2826 1076 2888 eadem
1093 2827 1163 2889 aula
1182 2827 1292 2889 misera
1309 2832 1407 2890 morte
1423 2828 1512 2891 obiit
1601 2878 1602 2899 ,

777 2984 853 3066 Cap.
881 2992 942 3048 182
969 2986 1027 3065 (Bl.
1057 2986 1177 3067 104ν.).
1242 2996 1244 3000 ’

656 3106 700 3163 De
717 3104 824 3174 ancilla,
848 3120 904 3176 que
922 3108 1018 3161 cantus
1036 3104 1131 3162 auium
1151 3105 1290 3163 intellexit.

533 3236 713 3302 Gordianus
737 3235 876 3315 regnauit
898 3239 1008 3315 potens
1030 3234 1126 3314 valde,
1160 3235 1192 3298 in
1216 3236 1303 3299 cuius
1326 3254 1423 3315 reguo
1449 3243 1515 3300 erat
1601 3258 1602 3273 ¹

443 3324 569 3407 quidam
595 3325 682 3388 miles
704 3341 882 3405 generosus,
906 3324 960 3403 qui
982 3324 1118 3404 pulcram
1135 3343 1261 3388 vxorem
1286 3324 1424 3403 habebat,
1449 3344 1515 3405 que
1601 3320 1602 3405 l

443 3415 503 3479 sub
526 3433 564 3477 eo
586 3414 752 3477 adulterata
767 3418 819 3477 est.
853 3413 972 3477 Accidit
993 3413 1096 3491 semel,
1120 3413 1206 3494 quod
1231 3415 1357 3477 maritus
1379 3412 1448 3478 eius
1471 3415 1513 3477 ad

381 3521 434 3569 usu
444 3502 702 3586 peregrinandum
726 3502 864 3583 perrexit
910 3502 962 3565 llla
984 3521 1058 3566 vero
1081 3503 1180 3565 statim
1204 3503 1352 3567 amasium
1378 3504 1511 3567 uocauit.
1601 3550 1602 3595 3

445 3592 647 3671 Habebatque
677 3590 805 3654 domina
835 3591 886 3655 illa
908 3610 999 3654 vnam
1028 3590 1178 3670 ancillam,
1210 3610 1271 3671 que
1302 3593 1381 3655 miro
1413 3592 1514 3656 modo
1601 3648 1602 3673 ,

444 3686 550 3747 cantus
564 3680 669 3744 auium
687 3679 839 3743 intellexit.
856 3679 937 3743 Cum
954 3699 1028 3744 vero
1043 3681 1176 3744 amasius
1192 3681 1321 3760 intraret,
1339 3685 1423 3743 erant
1437 3684 1516 3745 tuuc
1601 3744 1602 3761 ,

445 3773 476 3835 in
500 3770 584 3834 curia
607 3768 644 3832 111
668 3769 748 3849 galli.
787 3767 877 3831 Circa
894 3768 1024 3833 mediam
1041 3774 1142 3834 autem
1160 3773 1279 3833 noctem
1296 3788 1366 3833 cum
1383 3768 1516 3834 domina

445 3879 514 3926 cum
531 3858 648 3923 amasio
664 3858 780 3936 iaceret,
797 3857 915 3937 primus
930 3858 1029 3938 gallus
1041 3863 1162 3922 cantare
1177 3858 1264 3938 cepit
1288 3858 1425 3922 Domina
1440 3878 1514 3923 cum

383 3953 504 4016 raoohec
525 3948 668 4026 audisset,
694 3947 745 4027 [ait
766 3945 901 4026 ancillel:
929 3947 1009 4013 „Dic
1032 3947 1133 4025 michi,
1158 3947 1322 4027 karissima,
1346 3948 1423 4029 quid
1440 3948 1517 4013 dicit
1601 4006 1602 4011 ,

445 4040 545 4122 gallus
569 4038 600 4101 in
623 4041 712 4100 cantu
736 4034 836 4098 suo?¹⁴
872 4035 924 4097 llla
940 4035 1113 4116 respondit:
1140 4034 1270 4101 „Gallus
1285 4036 1358 4099 dicit
1374 4036 1405 4099 in
1422 4044 1515 4101 cantu
1601 4034 1602 4067 ³

446 4147 513 4209 suo,
545 4126 632 4209 quod
656 4131 687 4189 tu
712 4124 785 4188 lacis
808 4122 951 4186 iniuriam
975 4124 1106 4188 domino
1130 4128 1192 4187 tuo.
1237 4125 1374 4205 Anglicis
1396 4126 1515 4191 verbis:
1601 4148 1602 4169 ÷

731 4209 772 4265 γε
791 4206 843 4265 lroc
860 4223 890 4263 se
908 4210 919 4263 t
937 4207 965 4263 in
984 4224 1016 4280 yr
1033 4224 1110 4279 sang,

731 4280 785 4334 llat
801 4293 857 4348 you
898 4281 958 4335 ovst
976 4278 1002 4335 vi
1023 4277 1110 4327 ushan
1130 4289 1248 4346 urrang.l
