3525 5025
678 480 898 536 ...87-

221 668 254 712 m
267 650 333 723 Que
353 651 404 713 ait:
431 651 677 732 „Presbyterum
701 652 935 733 presbyterum?
976 651 1137 733 Dyabolus
1157 652 1325 715 confundat

265 740 343 801 eum!
395 740 564 819 Nunquam
607 740 647 803 de
682 744 782 803 celero
820 741 954 820 aliquem
994 741 1068 805 uolo
1106 740 1234 821 diligere
1266 742 1325 804 nisi

265 827 419 891 dominum
443 843 576 892 meum.u

443 970 533 1034 Sexta
557 970 694 1034 narracio
718 969 917 1051 imperatricis
940 972 1000 1051 (Βὶ.
1028 977 1082 1034 161
1096 971 1142 1051 ν.).

684 1072 887 1145 [Senescalcus]

347 1184 408 1254 Rex
432 1184 558 1265 quidam
582 1189 646 1247 erat
668 1185 748 1248 miro
764 1184 861 1248 modo
885 1185 1017 1262 inflatus,
1042 1185 1072 1246 in
1096 1189 1212 1248 tantum
1237 1184 1324 1265 quod

267 1274 399 1337 mulieres
422 1292 494 1335 eum
521 1274 771 1354 appropinquare
798 1273 1014 1337 abhorrebant.
1062 1272 1125 1342 Rex
1149 1274 1204 1337 iste
1227 1274 1324 1337 inten-

225 1361 351 1425 rodebat
371 1380 501 1443 corpora
523 1362 735 1443 apostolorum
753 1362 832 1425 Petri
849 1367 878 1425 et
894 1362 980 1425 Pauli
1000 1361 1039 1425 de
1057 1361 1155 1431 Roma
1177 1362 1325 1427 violenter

267 1450 394 1514 auliene.
442 1451 527 1514 Dum
551 1456 630 1515 esset
652 1452 683 1513 in
707 1452 766 1529 uia,
798 1451 829 1514 in
854 1452 987 1531 quadam
1012 1451 1131 1514 ciuitate
1155 1452 1325 1532 hospitatus

268 1543 317 1617 est;
337 1541 457 1603 uocauit
480 1540 685 1605 senescalcum
709 1559 810 1618 suum,
840 1559 934 1621 quem
959 1541 1089 1603 multum
1113 1540 1218 1604 dilexit
1241 1546 1269 1603 et
1293 1542 1324 1603 in

268 1646 324 1707 quo
338 1648 389 1709 pre
404 1628 511 1692 ceteris
527 1628 710 1706 confidebat,
734 1635 763 1692 et
778 1630 818 1692 ait
833 1630 874 1692 ei:
903 1629 1095 1706 „Karissime
1120 1648 1215 1709 quere
1231 1630 1324 1693 michi

268 1717 414 1780 mulierem
440 1718 587 1798 pulcram,
610 1723 644 1781 ut
666 1719 698 1780 in
715 1718 785 1782 sinu
809 1737 880 1783 meo
905 1724 992 1783 nocte
1017 1719 1071 1781 ista
1087 1717 1246 1783 dormiam·
1285 1719 1325 1782 Ar

227 1805 323 1869 mille:
358 1808 521 1885 „Domine
557 1808 701 1871 mulieres
731 1808 831 1870 sciunt
860 1813 889 1870 te
924 1807 1076 1884 inllatum;
1112 1808 1179 1871 sine
1209 1825 1324 1887 magno

267 1896 359 1973 precio
382 1897 467 1958 nulla
494 1896 594 1959 veniet
615 1896 654 1960 ad
679 1912 765 1961 uos.u
813 1896 864 1959 llit
887 1916 952 1959 rex:
986 1897 1119 1961 „Nonne
1142 1896 1230 1959 diues
1253 1896 1324 1961 satis

267 2001 327 2045 sum
357 1986 437 2065 ego?
485 1985 601 2058 Querat
631 1985 741 2048 mulier
771 1990 920 2065 quantum
952 1985 1083 2049 voluerit
1114 1989 1143 2048 et
1172 1986 1254 2048 dabo
1287 1986 1323 2064 ei,

267 2073 345 2136 etiam
374 2074 399 2137 si
429 2078 511 2154 petat
544 2074 628 2136 mille
659 2075 825 2139 florenos.u
873 2073 1071 2138 Senescalcus
1106 2074 1162 2137 hec
1195 2074 1325 2138 audiens

267 2161 365 2226 ductus
387 2163 552 2243 cupiditate
567 2163 605 2225 ad
622 2181 748 2226 vxorem
765 2164 931 2244 propriam,
956 2182 1016 2242 que
1033 2168 1096 2226 erat
1116 2163 1221 2245 pulcra
1236 2163 1325 2226 valde

226 2264 256 2311 m
267 2269 297 2312 ac
309 2256 391 2330 casta,
406 2252 532 2315 accessit
547 2256 576 2314 et
589 2252 641 2315 aii:
668 2252 860 2329 „Karissima
885 2258 983 2332 perte
999 2252 1168 2332 poterimus
1184 2252 1321 2315 lucrari.u

266 2338 329 2411 Que
343 2341 394 2403 ait:
414 2340 495 2406 „Dic
510 2341 612 2417 michi,
628 2339 763 2419 domine,
780 2341 984 2421 quomodo?u
1011 2342 1050 2404 Α1
1066 2341 1128 2403 ille:
1147 2340 1324 2406 „Dominus

266 2446 343 2491 meus
358 2448 410 2491 rex
426 2429 586 2491 mulierem
610 2430 724 2510 appetit
746 2435 835 2493 nocte
858 2430 927 2508 ista,
951 2430 1005 2493 sed
1029 2430 1102 2510 quia
1124 2434 1170 2493 est
1192 2430 1323 2507 inflatus,

266 2517 308 2579 vix
324 2520 432 2581 mulier
447 2520 580 2582 inueniri
597 2519 715 2600 poterit,
740 2538 801 2599 que
817 2521 856 2582 ad
880 2539 952 2583 eum
976 2520 1119 2584 accedere
1135 2519 1214 2582 velit.
1251 2519 1324 2584 ldeo

267 2607 348 2670 michi
383 2609 518 2689 precepit
547 2609 706 2673 mulierem
739 2610 912 2673 conducere
943 2609 1059 2690 precio;
1091 2609 1207 2672 etiamsi
1239 2608 1323 2670 mille

225 2695 392 2760 mliorenos
424 2698 451 2759 ei
487 2697 601 2774 darem,
636 2716 700 2761 non
737 2702 862 2779 propter
893 2699 953 2762 hoc
984 2699 1174 2761 dimitterem.
1225 2697 1322 2776 Vnde,

266 2784 420 2864 karissima,
452 2786 563 2849 ducam
588 2791 616 2848 te
638 2787 678 2849 ad
702 2787 812 2850 lectum
837 2789 982 2850 suumin
1006 2787 1103 2850 noctis
1127 2786 1322 2865 obscuritate;

266 2878 290 2934 et
315 2880 381 2937 ante
412 2874 495 2938 diem
526 2893 635 2955 surges
669 2880 698 2938 et
727 2876 770 2938 sic
800 2880 911 2939 tautam
944 2877 1121 2957 peccuniam
1154 2876 1323 2956 poterimus

265 2964 420 3042 optinere.u
471 2965 530 3044 (Bl.
558 2965 662 3043 162r.)
709 2964 749 3028 m
772 2965 834 3026 illa:
869 2965 970 3031 „licet
994 2983 1057 3028 non
1086 2968 1164 3028 esset
1192 2964 1322 3043 inflatus,

265 3052 334 3115 absit
363 3054 424 3116 hoc
454 3072 472 3115 a
501 3072 551 3115 me
583 3058 616 3116 ut
647 3058 773 3134 propter
804 3054 887 3117 bona
921 3055 1023 3134 aliqua
1057 3053 1236 3134 temporalia
1265 3053 1322 3116 tale

226 3147 411 3218 rupeccatum
436 3147 541 3205 contra
556 3142 649 3205 deum
669 3143 925 3205 committeremt¹¹
967 3141 1239 3205 miserescamus:
1267 3180 1280 3209 ‚2
1288 3143 1323 3205 Et

264 3246 315 3308 ego
337 3231 397 3294 deo
420 3249 534 3308 uoueo,
558 3231 617 3294 nisi
641 3231 828 3294 uoluntatem
846 3249 946 3294 meam
969 3231 1136 3311 perfeceris,
1162 3249 1321 3310 nunquam

264 3317 372 3382 bonum
397 3319 480 3383 diem
505 3338 625 3382 mecum
649 3320 807 3384 habebis.¹¹
847 3320 899 3384 llla
915 3338 990 3382 uero
1007 3320 1064 3383 hec
1078 3320 1207 3383 audiens
1222 3321 1323 3382 timuit

193 3432 194 3467 r
264 3408 349 3485 valde,
373 3410 404 3471 in
429 3413 544 3472 tantum
570 3409 656 3487 quod
676 3429 713 3471 ex
732 3410 842 3473 timore
865 3411 893 3472 ei
918 3410 1081 3472 consensit.
1117 3409 1321 3487 Senescalcus,

265 3513 326 3558 cum
349 3499 409 3561 hoc
431 3498 573 3576 audisset,
602 3498 685 3560 venit
706 3498 745 3561 ad
770 3517 873 3578 regem
898 3503 927 3561 et
949 3499 1001 3561 ait:
1035 3535 1049 3564 l
1057 3499 1201 3575 Domine,
1228 3516 1320 3560 vnam

228 3595 256 3641 m
268 3586 414 3649 mulierem
439 3587 510 3650 satis
526 3586 694 3667 pulchram,
718 3605 900 3666 generosam
917 3588 1031 3666 inueni,
1056 3606 1117 3666 que
1137 3605 1201 3650 non
1218 3587 1321 3650 minus

193 3696 194 3737 l
267 3690 347 3750 quam
371 3676 454 3738 mille
477 3676 614 3739 florenos
636 3677 702 3738 vult
724 3676 871 3757 recipere;
896 3682 924 3739 et
943 3694 1013 3740 cum
1030 3677 1090 3740 hoc
1113 3677 1199 3738 utin
1225 3677 1322 3739 noctis

268 3762 435 3827 obscuritate
470 3765 571 3827 veniat
604 3768 633 3826 et
661 3770 730 3828 ante
764 3766 846 3828 diem
883 3766 1009 3843 recedat,
1046 3785 1084 3828 ne
1115 3765 1253 3828 videatur
1282 3765 1321 3827 ab

193 3874 194 3933 j
268 3849 462 3917 hominibus.u
499 3853 549 3917 nit
566 3872 631 3916 rex:
659 3855 773 3920 ‚rlrlichi
791 3873 846 3935 per
861 3855 966 3919 omnia
982 3855 1061 3918 bene
1077 3855 1201 3934 placet¹⁴
1239 3853 1320 3916 Cum

193 3962 194 4035 ᾖ
268 3956 320 4003 nox
350 3943 477 4020 adesset,
516 3943 706 4006 senescalcus
741 3962 867 4006 vxorem
901 3962 988 4006 suam
1022 3943 1061 4006 ad
1098 3943 1207 4004 lectum
1240 3942 1321 4020 regis

193 4056 194 4079 r
231 4037 259 4086 us
270 4027 423 4095 introduxit
445 4036 475 4094 et
489 4033 595 4096 clauso
619 4033 720 4096 hostio
737 4051 855 4096 camere
872 4033 1000 4095 recessit.
1036 4031 1231 4095 Senescalcus
1247 4049 1320 4094 vero

268 4117 332 4182 drea
353 4122 547 4202 gallicantum
572 4122 702 4184 surrexit
716 4127 745 4184 et
761 4121 846 4184 uenit
864 4121 904 4184 ad
922 4139 1024 4200 regern
1042 4125 1071 4182 et
1084 4121 1137 4182 ait:
1164 4119 1321 4186 „Domine

268 4208 308 4280 ni,
329 4211 386 4274 cito
410 4211 477 4273 dies
499 4215 552 4274 est.
588 4211 711 4274 Bonum
728 4216 773 4273 est
795 4215 828 4272 ut
850 4215 1007 4273 teneamus
1030 4209 1217 4290 promissum
1234 4208 1319 4286 quod
