3525 5025
669 555 912 612 -123-

270 726 330 805 lpso
349 726 472 789 absente
495 726 618 789 femella
639 726 805 789 adulteram
819 730 872 803 est,
901 730 930 789 et
953 744 992 789 ne
1014 726 1142 791 fetorem
1168 726 1321 791 masculus

223 814 295 876 auin
315 814 444 877 aduentu
467 815 601 890 sentiret,
623 815 744 878 femella
759 816 798 877 ad
820 815 938 878 fontem
955 815 1114 879 descendit
1134 820 1164 879 et
1186 834 1219 879 se
1239 816 1320 879 lauit

269 904 421 983 Imperator
467 905 525 967 hec
569 903 741 985 percipiens
781 904 890 981 semel,
936 923 1007 967 cum
1050 904 1170 967 temella
1215 904 1321 968 fuisset

267 992 426 1070 adulterata,
442 994 561 1056 iontem
576 993 677 1056 claudi
692 994 810 1057 fecerat
839 993 943 1067 Quem
960 1012 1030 1057 cum
1047 993 1168 1056 lemella
1182 993 1319 1057 clausum

267 1081 436 1159 inuenisset,
481 1081 520 1144 ad
560 1081 669 1144 nidum
712 1082 809 1145 rediit
870 1080 942 1146 Cito
976 1082 1130 1146 masculus
1171 1082 1259 1145 rediit
1292 1086 1322 1145 et

267 1188 328 1231 cum
358 1170 485 1234 fetorem
513 1170 659 1235 ’adulterii
693 1171 849 1249 sensisset,
881 1171 1025 1235 auolauit.
1083 1170 1205 1234 Deinde
1243 1170 1321 1235 intra

222 1263 377 1339 notempus
413 1261 509 1323 breue
544 1260 769 1323 multitudinem
799 1261 995 1341 cyconiarum
1026 1278 1130 1324 secum
1160 1260 1255 1343 duxit,
1292 1264 1321 1323 et

266 1347 300 1409 ab
327 1347 383 1411 illis
415 1349 538 1412 lemella
572 1354 617 1412 est
650 1349 757 1412 occisa.
816 1348 865 1412 De
899 1367 963 1429 quo
997 1350 1077 1413 lacto
1114 1349 1321 1413 admirabatur

267 1436 427 1517 imperator.

611 1580 686 1663 Cap.
713 1587 748 1644 91
779 1581 839 1661 (Bl.
867 1582 962 1661 ltu).

622 1681 665 1739 De
683 1699 770 1755 puero
788 1686 816 1740 et
834 1682 948 1741 delfino.

344 1792 445 1862 Refert
467 1794 615 1871 Valerius,
645 1796 732 1875 quod
760 1799 823 1858 erat
852 1795 979 1875 quidam
1008 1813 1085 1875 puer
1108 1795 1135 1858 V
1157 1812 1319 1871 annorum,

265 1883 311 1960 qui
331 1883 461 1963 singulis
490 1883 601 1946 diebus
627 1884 666 1946 ad
695 1883 767 1946 litus
782 1884 883 1947 maris
907 1883 1045 1965 perrexit
1091 1882 1186 1958 Quod
1211 1884 1320 1947 videns

222 1984 254 2030 au
266 1972 381 2049 quidam
397 1971 565 2052 delphinus
583 1972 695 2053 incepit
711 1991 781 2036 cum
798 1992 896 2053 puero
921 1972 1026 2036 ludere
1049 1977 1079 2035 et
1101 1973 1202 2054 ipsum
1226 1990 1320 2055 super

264 2059 380 2123 dorsum
420 2066 550 2141 portare.
597 2062 678 2125 Puer
714 2080 789 2127 vero
827 2061 959 2141 singulis
994 2062 1104 2126 diebus
1135 2079 1244 2143 panem
1279 2063 1318 2126 ad

263 2149 434 2228 delphinum
459 2151 599 2231 portabat
621 2156 650 2213 et
672 2151 717 2214 sic
739 2151 932 2232 delphynum
957 2168 1012 2231 per
1034 2151 1062 2214 V
1085 2150 1132 2213 vet
1157 2152 1197 2215 lV
1219 2168 1318 2215 annos

262 2240 446 2303 sustentabat
491 2240 609 2302 Accidit
640 2258 703 2303 vno
734 2240 793 2317 die,
828 2239 915 2320 quod
949 2257 1026 2320 puer
1055 2240 1094 2302 ad
1126 2239 1197 2303 litus
1228 2240 1320 2304 maris

263 2330 383 2405 perrexit
406 2332 533 2409 portans
554 2347 659 2392 secum
683 2346 804 2409 panem,
831 2333 864 2392 vt
886 2328 994 2393 solitus
1018 2333 1088 2392 erat
1136 2328 1320 2409 Delphynus

222 2430 320 2478 annon
341 2418 432 2480 venit
480 2418 601 2482 Interim
626 2436 710 2481 mare
739 2435 871 2498 puerum
902 2418 1155 2495 circumvallabat,
1186 2421 1215 2481 et
1242 2435 1320 2500 puer

263 2505 432 2571 submersus
456 2513 508 2571 est
554 2505 635 2571 Cum
665 2526 748 2570 mare
775 2525 809 2571 se
838 2507 935 2585 traxit,
964 2507 1140 2589 delphynus
1168 2507 1259 2585 venit,
1290 2513 1320 2571 et

263 2613 324 2657 cum
347 2615 478 2677 puerum
511 2601 666 2660 mortuum
691 2597 866 2675 inuenisset,
898 2615 952 2678 pre
976 2597 1074 2660 nimio
1098 2596 1206 2661 dolore
1238 2597 1319 2659 iuxta

263 2702 383 2762 puerum
408 2686 516 2749 cecidit
538 2690 567 2749 et
590 2691 730 2749 mortuus
753 2691 806 2749 est.

610 2881 686 2962 Cap.
712 2884 750 2946 95
778 2882 837 2962 (Bl.
863 2882 961 2959 lin).

488 3000 531 3057 De
548 3000 712 3059 hominibus
731 3001 902 3058 diuersarum
921 3000 1082 3057 formarum.

343 3131 390 3194 De
414 3130 595 3194 hominibus
618 3131 677 3193 iarn
702 3135 747 3194 est
770 3130 972 3210 loquendum,
1000 3131 1082 3194 vnde
1105 3129 1177 3193 dicit
1201 3130 1319 3195 Plinius

221 3222 289 3278 met
307 3219 503 3299 Augustinus,
527 3221 614 3300 quod
637 3220 732 3300 aliqui
757 3220 900 3283 homines
923 3219 1031 3283 canina
1053 3219 1150 3300 capita
1173 3219 1319 3284 habentes

263 3324 323 3370 cum
353 3310 458 3372 latratu
494 3309 647 3373 locuntur.
695 3311 728 3371 ln
753 3309 848 3389 lndya
870 3313 943 3372 sunt
964 3308 1059 3389 aliqui
1084 3307 1234 3387 homines,
1264 3311 1318 3390 qul

262 3413 348 3459 vnum
371 3398 513 3462 occulum
538 3398 652 3462 habent
674 3398 706 3460 in
729 3398 830 3461 tronte
852 3416 947 3479 super
969 3415 1088 3462 nasum.
1137 3397 1189 3459 llil
1213 3417 1319 3462 carnes

262 3485 430 3550 animalium
455 3488 663 3550 commedunt
711 3488 744 3551 ln
770 3487 864 3568 Lybia
891 3490 962 3550 sunt
985 3487 1087 3568 atique
1114 3487 1229 3552 femine
1252 3488 1318 3551 sine

263 3575 348 3654 capite
375 3594 411 3640 os
438 3581 469 3640 et
494 3576 620 3640 occulos
650 3576 797 3639 habentes
827 3577 858 3638 in
890 3581 1020 3656 pectore.
1069 3577 1128 3656 (BL
1155 3578 1236 3655 36r.)
1285 3578 1318 3639 ln

221 3673 252 3720 ao
264 3664 369 3729 oriente
391 3670 498 3729 contra
520 3666 704 3746 paradysum
721 3669 793 3729 sunt
808 3665 951 3729 homines
972 3665 1064 3729 nichil
1080 3665 1317 3742 commedentes,

262 3753 326 3829 quia
346 3759 467 3819 ostam
491 3754 648 3817 modicum
678 3754 799 3832 habent,
832 3759 864 3817 vt
894 3755 1011 3818 calamo
1042 3759 1149 3834 potum
1180 3759 1317 3831 sumant;

262 3841 349 3906 odore
382 3862 550 3924 pomorum
586 3850 615 3905 et
647 3843 761 3906 florum
797 3843 915 3906 viuunt.
964 3844 1074 3907 Odore
1103 3843 1185 3906 malo
1215 3842 1318 3907 subito

262 3931 433 3995 moriuntur.
480 3933 554 3994 ltem
589 3932 704 3996 ibidem
739 3936 812 3995 sunt
845 3932 988 3996 homines
1018 3933 1084 3995 sine
1119 3949 1207 4010 nasu,
1242 3931 1318 3995 facie
1448 3947 1451 3951 ·

262 4019 351 4097 plena.
392 4023 466 4085 ltem
483 4020 627 4085 homines
642 4022 789 4085 habentes
805 4021 921 4084 labium
946 4021 1074 4084 interius
1098 4020 1138 4083 ita
1161 4037 1317 4099 magnum,

222 4112 290 4169 utut
307 4114 398 4174 totam
422 4111 530 4174 faciem
554 4115 716 4190 contegant
730 4109 927 4175 dormientes.
963 4112 1034 4172 ltem
1051 4109 1101 4172 alii
1117 4113 1189 4172 sunt
1204 4109 1319 4188 linguis

263 4199 328 4260 muti
351 4200 513 4280 loquentes
535 4203 567 4262 vt
589 4200 743 4262 monachi.
791 4200 864 4262 ltem
889 4201 920 4261 in
944 4197 1058 4262 Stichia
1080 4201 1153 4260 sunt
1175 4196 1318 4259 homines

262 4303 325 4351 aure
346 4293 406 4352 bun
431 4306 552 4368 magna,
583 4292 615 4350 vt
641 4291 806 4366 contegant
831 4292 929 4350 totum
958 4303 1080 4367 corpus.
1127 4287 1199 4347 ltem
1223 4284 1317 4364 aliqui
