3525 5025
671 520 887 577 ..73-

262 690 407 768 inclinauit,
436 710 471 754 ac
493 692 519 753 si
548 691 676 753 diceret:
710 690 836 755 „Presto
860 708 930 754 sum
959 710 1014 773 per
1037 692 1143 755 omnia
1165 691 1312 755 voluntati

261 784 305 841 tue
334 780 483 843 obedire.u
534 780 713 860 lmpcratrix
746 797 821 843 vero
852 799 923 843 eum
954 798 1059 843 secum
1090 782 1130 844 ad
1161 799 1311 844 cameram

261 867 342 945 duxit
371 869 466 931 statim
492 886 603 931 omnes
627 869 666 931 de
689 886 809 931 camera
831 870 914 933 exire
937 869 1031 947 iussit,
1064 887 1195 950 puerum
1219 887 1313 951 supra

261 956 356 1019 lectum
373 959 453 1020 iuxta
470 958 530 1037 (Βί,
553 965 614 1020 140
622 958 659 1037 ν.)
677 976 743 1019 eam
764 958 927 1021 collocauit
949 962 979 1021 et
993 960 1034 1021 ait
1050 960 1091 1022 ei:
1118 958 1312 1037 „Karissime

212 1046 360 1108 moena
381 1047 609 1127 pulchritudine
633 1046 763 1110 multum
787 1046 902 1124 audiui,
926 1047 980 1111 sed
1005 1048 1065 1110 iam
1089 1052 1211 1129 experta
1233 1065 1312 1127 sum,

262 1135 323 1213 quia
344 1137 454 1198 occulis
477 1136 555 1198 meis
578 1136 679 1213 video,
703 1154 796 1215 quem
821 1136 921 1216 diligit
942 1137 1045 1199 anima
1064 1154 1139 1200 mea.
1175 1136 1314 1202 Obone
1377 1196 1383 1207 .

263 1224 457 1303 Dyoclecianc,
489 1225 567 1288 scire
597 1225 694 1288 debes
723 1224 810 1304 quod
840 1230 956 1306 patrem
987 1229 1075 1288 tuum
1107 1244 1165 1307 pro
1195 1229 1225 1289 te
1254 1225 1311 1289 leci

262 1313 370 1391 mittere,
393 1319 425 1376 vt
438 1314 607 1393 gauderem
625 1314 664 1378 de
680 1314 821 1377 societate
843 1319 905 1377 tua.
941 1316 1031 1379 Vnde
1053 1315 1108 1378 tibi
1131 1314 1198 1379 sine
1213 1314 1312 1379 dubio

261 1400 399 1465 denuncio
423 1403 509 1482 quod
542 1408 668 1484 propter
689 1420 828 1465 amorem
853 1408 940 1466 tuum
965 1404 1136 1485 meipsam
1160 1404 1311 1485 virginem

213 1506 248 1550 nu
261 1491 405 1569 custodiui,
429 1496 463 1554 ut
484 1498 517 1555 tu
540 1492 745 1572 virginitatem
770 1510 870 1555 meam
895 1492 1032 1557 haberes.
1073 1494 1213 1574 Loquere
1235 1510 1311 1573 ergo

260 1580 353 1656 michi,
386 1585 418 1643 ut
452 1582 578 1644 insimul
609 1581 837 1644 dormiamus!u
888 1580 969 1644 Puer
1000 1600 1064 1644 non
1095 1582 1254 1663 respondit
1284 1582 1311 1645 ei

260 1668 382 1731 verbum.
429 1671 481 1732 llla
509 1671 571 1733 hoc
599 1670 710 1733 videns
735 1670 789 1733 ait:
825 1669 876 1735 „O
901 1670 1114 1750 Dyocleciane,
1145 1670 1310 1733 dimidium

259 1757 347 1820 anime
368 1778 453 1836 mce,·
467 1759 560 1821 michi
578 1777 641 1822 non
659 1759 817 1838 loqueris?
853 1760 918 1822 Nec
933 1760 1091 1837 solacium,
1115 1778 1172 1823 nec
1186 1758 1310 1839 signum

258 1847 358 1910 amoris
379 1848 471 1911 michi
495 1847 655 1911 ostendis?
694 1847 780 1921 Quid
804 1848 912 1911 faciam
941 1848 1019 1913 tibi?
1059 1850 1094 1911 Et
1117 1852 1219 1929 parata
1241 1866 1310 1912 sum

217 1934 379 2015 ruimplcre.
412 1937 480 1999 Nisi
504 1954 642 2000 amorem
666 1941 753 1999 tuum
778 1937 930 2001 carnalem
955 1938 1101 2015 habuero,
1126 1938 1188 2001 iilia
1205 1938 1311 2001 mortis

259 2040 316 2085 sum
331 2041 418 2105 ego.u
455 2026 526 2088 lliis
541 2026 629 2089 dictis
643 2026 812 2107 amplexata
827 2030 872 2090 est
888 2044 1018 2107 puerum
1042 2031 1070 2090 ct
1086 2044 1157 2091 eum
1174 2026 1311 2090 osculare

260 2114 375 2177 uolebat
420 2115 504 2177 Puer
533 2133 607 2178 vcro
630 2116 737 2178 taciem
770 2133 856 2179 suam
888 2114 997 2179 auertit
1026 2121 1055 2179 et
1082 2116 1109 2179 ei
1140 2114 1311 2179 consentire

260 2202 375 2267 nolebat.
421 2204 462 2266 At
484 2204 547 2266 illa:
574 2204 625 2269 „0
648 2204 703 2282 fili,
726 2204 872 2267 curialia
895 2204 983 2284 agis?
1027 2206 1102 2269 Ecce
1126 2204 1229 2268 nullus
1254 2222 1312 2268 nos

260 2290 340 2354 videt!
386 2293 588 2356 Dormiamus
616 2293 740 2355 insimul
770 2298 799 2355 et
828 2294 908 2356 bene
936 2294 1085 2375 percipies
1109 2293 1194 2374 quod
1219 2293 1310 2373 virgi-

219 2379 367 2443 tuuitatem
390 2400 490 2444 meam
514 2400 573 2462 pro
598 2386 652 2444 tuo
675 2400 782 2445 amore
804 2382 986 2445 custodiuit
1029 2383 1101 2449 „tlte
1124 2400 1198 2445 vcro
1222 2387 1312 2463 caput

259 2468 292 2531 ab
315 2488 347 2532 ea
372 2471 487 2535 auertit.
535 2470 587 2533 llla
617 2489 691 2535 vero
721 2476 827 2552 pectus
856 2477 885 2535 et
916 2472 1011 2536 ubera
1041 2471 1174 2536 ostendit
1203 2476 1232 2535 et
1258 2472 1311 2534 ait:

262 2558 345 2622 ‚Ecce
365 2560 417 2639 iili,
442 2560 533 2640 quale
556 2579 670 2641 corpus
692 2561 731 2623 ad
752 2566 834 2623 tuam
850 2561 1037 2642 voluptatem
1062 2561 1175 2640 habeo,
1199 2562 1312 2641 praebe

260 2647 337 2710 michi
359 2654 445 2711 tuum
470 2648 687 2712 consenssum!
731 2649 826 2712 Aliter
850 2650 928 2713 male
952 2651 1044 2714 michi
1068 2650 1217 2713 eueniet.¹⁴
1260 2649 1311 2712 llle

259 2753 321 2798 vero
342 2757 397 2801 nec
418 2739 512 2818 signo
536 2756 592 2801 nec
616 2742 691 2800 nutu
714 2757 852 2801 amorem
877 2740 1022 2818 ostendit;
1046 2739 1101 2803 sed
1125 2757 1255 2819 semper,
1280 2739 1310 2800 in

221 2831 393 2901 unquentum
424 2827 531 2908 potuit,
562 2828 601 2890 ab
631 2846 667 2889 ca
697 2828 838 2891 recedere
871 2829 1002 2892 uolebat.
1058 2828 1117 2905 llla,
1150 2846 1219 2891 cum
1253 2829 1312 2891 boc

260 2912 376 2992 vidisset,
398 2917 453 2979 ait:
486 2916 537 2981 „0
561 2916 605 2978 1111
629 2915 814 2995 dulcissime,
843 2935 907 2980 non
931 2918 978 2980 vis
1001 2918 1093 2980 michi
1118 2917 1311 2980 consentire?

262 2999 336 3066 Forte
358 3024 393 3067 ex
416 3023 507 3069 causa
531 3005 707 3068 racionabili
724 3023 845 3068 mecum
870 3007 956 3085 loqui
983 3007 1069 3086 [non]
1096 3006 1200 3087 placet.
1237 3007 1311 3068 Ecce

260 3106 465 3170 pergamenum
490 3099 520 3157 et
541 3096 758 3157 atramentum!
792 3094 823 3158 Si
848 3095 934 3175 loqui
959 3113 1013 3158 ore
1037 3095 1181 3172 nolueris,
1205 3095 1310 3158 saltem

261 3179 339 3243 michi
362 3183 392 3244 in
416 3201 606 3264 pergameno
633 3184 821 3246 voluntatem
845 3187 928 3246 tuam
953 3184 1076 3261 scribas,
1105 3184 1130 3247 si
1155 3184 1255 3248 debeo
1279 3184 1310 3246 in

223 3269 305 3330 tutuo
324 3289 425 3335 amore
449 3272 641 3335 confideret«
692 3272 773 3336 Puer
795 3291 869 3336 vero
893 3273 1051 3350 scribebat,
1084 3273 1146 3351 ista,
1177 3292 1238 3353 que
1262 3273 1311 3335 hic

261 3365 399 3423 secuntur:
425 3361 534 3426 „Absit
555 3379 573 3423 a
596 3379 653 3440 me,
677 3361 812 3439 domina,
836 3367 870 3424 ut
885 3362 998 3425 violem
1023 3363 1197 3443 pomerium
1219 3361 1311 3443 patris

261 3447 322 3509 nei!
365 3449 397 3513 Si
421 3450 498 3513 illud
522 3450 694 3528 violassem,
718 3451 839 3530 qualem
864 3451 997 3514 fructum
1022 3470 1059 3514 ex
1083 3452 1143 3515 hoc
1166 3452 1309 3514 haberem

261 3537 364 3608 peritus
387 3539 508 3619 ignoro.
547 3538 720 3602 Sedunum
736 3539 801 3602 scio
824 3540 911 3620 quod
934 3541 1068 3619 grauiter
1091 3541 1121 3603 in
1146 3544 1310 3621 conspectu

262 3620 299 3684 dei
330 3646 482 3706 peccarem
518 3632 548 3690 ct
581 3629 673 3708 patris
708 3628 958 3692 malediccionem
991 3630 1186 3694 incurrerem.
1238 3629 1310 3693 ldeo

225 3715 391 3780 dammodo
414 3717 453 3779 ad
476 3716 535 3779 talc
559 3735 640 3797 opus
663 3718 845 3798 nepharium
870 3737 920 3780 me
944 3737 1007 3782 non
1031 3719 1198 3782 solicitesl¹¹
1248 3719 1310 3795 llla,

262 3806 466 3885 conlegisset,
491 3806 647 3869 scedulam
671 3825 742 3868 cum
766 3806 911 3870 dentibus
934 3808 1031 3888 fregit,
1060 3826 1130 3871 cum
1154 3808 1311 3887 vnguibus

263 3894 343 3954 vestes
364 3912 461 3974 vsque
483 3895 521 3957 ad
539 3896 709 3958 unrblicum
731 3895 908 3958 dilacerauit
922 3901 951 3959 ct
965 3897 1072 3960 faciem
1089 3898 1127 3958 ad
1152 3896 1311 3976 sanguinis

264 3974 426 4046 eliusionem
455 3988 485 4046 et
511 3985 617 4046 omnia
647 3989 751 4048 ornata
783 3985 888 4065 capitis
918 3985 1062 4066 deposuit
1089 3991 1118 4048 ct
1145 3985 1310 4049 clamorem

265 4065 379 4133 validum
403 4073 516 4136 emisit:
544 4072 743 4152 „Succurrite
772 4075 920 4136 sucurrite
944 4075 1036 4138 michi
1061 4079 1185 4155 propter
1208 4075 1310 4153 deum,

228 4155 406 4237 utinquam
437 4162 591 4243 dyabolus
622 4163 677 4224 iste
709 4181 758 4224 me
789 4163 977 4242 opprimat!u
1028 4165 1206 4243 Imperator,
1239 4181 1309 4225 curn

266 4251 329 4307 esset
349 4248 378 4310 in
400 4252 469 4314 aula
492 4256 522 4314 et
544 4251 710 4314 clamorem
736 4250 935 4329 imperatricis
958 4253 1099 4328 audisset,
1124 4250 1194 4329 agili
1219 4267 1310 4313 cursu
