3525 5025
809 467 1053 524 -172—

400 639 571 701 monachus
594 643 697 703 custos
720 643 749 702 et
763 639 970 702 thesaurarius
986 639 1161 701 monasterii
1184 657 1333 719 magnum
1351 657 1465 702 nomen

400 727 558 807 religionis
581 728 712 791 habebat
734 732 763 791 et
785 746 890 791 revera
913 729 953 791 ita
976 732 1047 791 erat.
1078 727 1159 791 Cum
1175 732 1276 791 autern
1294 728 1325 789 in
1342 729 1467 791 ecclesia

399 818 575 896 frequenter
612 816 652 879 de
690 816 749 880 hiis
787 835 849 896 que
882 818 922 880 ad
958 817 1138 897 religionem
1173 818 1325 897 pertinent
1358 822 1467 880 mutuo

401 906 607 985 loquerentur,
646 906 790 969 diabolus
825 906 967 970 invidens
1000 906 1149 969 honestati
1184 910 1214 969 et
1246 905 1328 968 lame
1358 924 1466 970 eorum

345 1012 386 1058 oso
401 994 527 1057 immisit
542 995 586 1058 eis
598 995 793 1057 vehementes
807 996 1027 1075 temptationes,
1045 994 1084 1057 ita
1099 995 1184 1075 quod
1200 1013 1289 1057 amor
1303 994 1468 1075 spiritualis

400 1102 567 1147 conversus
606 1088 650 1147 est
687 1083 719 1145 in
757 1085 918 1147 carnalem.
974 1084 1067 1149 Unde
1104 1084 1308 1147 condixerunt
1344 1084 1403 1147 sibi
1438 1088 1468 1146 et

399 1173 631 1251 assignaverunt
646 1177 766 1236 noctem
780 1174 810 1235 in
824 1190 886 1252 qua
898 1172 1050 1236 recederet
1065 1173 1265 1237 monachusa
1281 1168 1467 1237 monasterio

400 1279 469 1325 cum
501 1262 644 1325 thesauro
675 1262 806 1339 ecclesie,
840 1266 869 1324 et
899 1266 1038 1325 matrona
1069 1261 1260 1325 recedereta
1287 1262 1384 1326 domo
1411 1280 1467 1325 sua

400 1369 470 1413 cum
504 1368 626 1413 summa
660 1350 789 1430 pecunie
823 1368 917 1431 quam
954 1351 1071 1413 auferet
1107 1352 1184 1413 clam
1218 1350 1334 1413 marito.
1384 1350 1467 1413 Cum

345 1456 386 1502 eso
401 1444 501 1503 autem
536 1440 579 1503 sic
614 1439 788 1502 recederent
822 1444 850 1501 et
884 1440 1033 1519 tugerent,
1068 1440 1211 1503 monachi
1240 1444 1399 1519 surgentes
1427 1439 1467 1502 ad

401 1528 562 1591 matutinas
600 1528 743 1591 videmnt
778 1530 886 1591 archas
923 1528 1032 1591 tractas
1065 1533 1095 1591 et
1131 1529 1307 1591 thesaumm
1343 1528 1468 1592 ecclesie

400 1622 596 1698 asportatum,
627 1621 748 1681 etcum
783 1635 846 1681 non
877 1617 1050 1680 invenirent
1080 1619 1267 1681 monachum
1294 1618 1469 1681 festinanter

400 1707 494 1769 secuti
518 1711 590 1770 sunt
614 1724 695 1769 eum.
731 1706 875 1770 Similiter
899 1711 928 1769 et
950 1707 1076 1769 maritus
1099 1707 1177 1769 dicte
1201 1707 1338 1769 mulieris
1359 1707 1469 1770 videns

400 1796 523 1859 archam
558 1812 645 1857 suam
680 1799 813 1875 apertam
849 1800 878 1858 et
911 1796 1073 1876 pecuniam
1108 1796 1237 1859 ablatam
1272 1800 1395 1859 secutus
1424 1799 1469 1858 est

346 1900 387 1947 695
402 1902 530 1947 uxorem
559 1902 655 1960 suam,
688 1888 717 1946 et
744 1885 1010 1965 apprehendentes
1040 1886 1228 1947 monachum
1252 1889 1281 1947 et
1308 1884 1467 1947 mulierem

401 1991 471 2036 curn
495 1973 638 2037 thesauro
662 1978 691 2035 et
713 1974 842 2053 pecunia
870 1974 1058 2036 reduxerunt
1080 1978 1109 2036 et
1131 1974 1162 2035 in
1186 1974 1276 2037 arctis
1297 1973 1469 2036 carceribus

401 2066 580 2142 posuemnt.
605 2062 736 2124 Tantum
749 2066 849 2125 autem
866 2062 925 2125 luit
939 2063 1117 2126 scandalum
1133 2081 1188 2142 per
1203 2066 1295 2125 totam
1309 2062 1468 2142 regionem

401 2154 431 2213 et
459 2151 498 2213 ita
529 2168 638 2213 omnes
673 2150 862 2214 infamabant
892 2152 1051 2231 religiosas
1082 2170 1230 2232 personas
1259 2151 1344 2231 quod
1376 2151 1470 2230 longe

402 2240 502 2319 majus
535 2238 705 2320 dampnum
742 2240 798 2302 iuit
828 2240 867 2303 de
902 2240 1027 2303 inlamia
1057 2245 1086 2303 et
1122 2241 1267 2303 scandalo
1302 2258 1394 2319 quam
1429 2240 1470 2303 de

348 2347 388 2392 roo
404 2329 542 2413 ipsomm
568 2332 699 2409 peccato.
734 2330 821 2392 Tunc
845 2331 1016 2392 monachus
1030 2330 1069 2392 ad
1085 2347 1119 2392 se
1142 2347 1282 2393 reversus
1304 2329 1384 2410 cepit
1398 2347 1468 2391 cum

403 2418 506 2482 multis
540 2418 671 2481 lacrimis
706 2436 814 2497 rogare
846 2418 967 2481 Beatam
998 2418 1166 2498 Virginem,
1200 2418 1249 2481 cui
1279 2436 1402 2498 semper
1430 2418 1470 2481 ab

403 2507 528 2570 infantia
543 2507 687 2571 servierat
702 2511 731 2570 et
745 2506 838 2570 nichil
855 2526 1005 2589 umquam
1021 2508 1079 2571 tale
1095 2508 1138 2570 illi
1153 2507 1308 2586 acciderat,
1332 2507 1471 2571 similiter

402 2601 431 2659 et
462 2596 542 2660 dicta
572 2601 711 2660 matrona
744 2597 824 2677 cepit
857 2598 1005 2659 auxilium
1038 2598 1127 2660 Beate
1158 2597 1295 2677 Virginis
1325 2597 1471 2660 instanter

403 2685 568 2766 implorare
592 2703 684 2765 quam
708 2687 885 2766 frequenter
914 2686 1026 2750 diebus
1047 2705 1084 2750 ac
1105 2686 1249 2749 noctibus
1271 2689 1472 2749 consueverat

348 2791 388 2838 roo
403 2775 540 2852 salutare,
570 2780 600 2838 et
626 2793 728 2838 coram
761 2775 828 2854 ejus
854 2775 997 2856 ymagine
1026 2793 1129 2855 genua
1155 2775 1284 2838 flectere.
1330 2774 1469 2838 Tandem

402 2865 492 2927 Beata
514 2864 609 2944 Virgo
633 2864 722 2927 valde
745 2864 818 2926 irata
834 2865 878 2927 eis
898 2865 1039 2944 apparuit
1054 2869 1083 2926 et
1098 2869 1261 2944 postquam
1277 2864 1322 2927 eis
1338 2864 1469 2926 multum

401 2953 634 3034 improperavit:
659 2952 932 3030 „Remissionemu
952 2952 1059 3032 inquit
1074 2952 1210 3034 speccati
1226 2953 1316 3016 vobis
1331 2953 1470 3016 obtinere

401 3061 419 3104 a
449 3042 514 3104 tilio
546 3060 616 3104 meo
649 3058 790 3122 possum,
825 3041 880 3105 sed
912 3042 989 3122 quid
1021 3060 1149 3122 possum
1185 3042 1284 3105 tacere
1313 3041 1353 3105 de
1386 3045 1470 3104 tanto

401 3129 568 3194 scandalo?
619 3131 684 3193 Vos
718 3131 800 3193 enim
837 3131 929 3194 fetere
963 3131 1075 3195 fecistis
1106 3149 1221 3194 nomen
1257 3130 1469 3210 religiosarum

348 3237 388 3282 no
404 3237 603 3300 personarum
625 3236 727 3282 coram
741 3220 827 3283 omni
843 3220 971 3300 populo,
992 3221 1031 3283 ita
1046 3220 1132 3300 quod
1148 3219 1188 3283 de
1203 3224 1303 3283 cetero
1319 3219 1471 3299 religiosis

402 3309 543 3389 personis
566 3325 630 3371 non
654 3308 806 3386 credetur;
830 3309 891 3372 hoc
914 3313 959 3372 est
981 3309 1063 3372 enim
1085 3309 1171 3388 quasi
1196 3308 1367 3390 dampnum
1391 3309 1471 3370 inre-

402 3398 602 3477 cuperabile.⁴⁴
652 3397 789 3460 Tandem
814 3398 1006 3461 orationibus
1029 3416 1133 3460 earum
1161 3398 1211 3478 pia
1234 3398 1331 3477 Virgo
1353 3397 1471 3460 devicta

402 3487 551 3566 compulit
573 3486 724 3550 demones
746 3487 800 3567 qui
824 3487 885 3550 hoc
908 3491 1145 3567 procuraverant
1167 3487 1280 3564 venire,
1304 3487 1470 3566 iniungens

402 3575 447 3638 eis
469 3575 554 3655 quod
583 3575 661 3638 sicut
691 3575 871 3655 religionem
904 3576 1130 3654 infamaverant,
1161 3576 1201 3638 ita
1231 3575 1317 3655 quod
1344 3575 1471 3637 infamia

349 3681 389 3727 ns
404 3669 533 3727 cessaret
571 3669 769 3744 procurarent
807 3665 858 3729 illi.
911 3666 994 3728 Vero
1028 3683 1098 3729 cum
1138 3683 1202 3728 non
1241 3668 1368 3744 possent
1404 3664 1471 3743 eius

403 3753 539 3834 imperiis
551 3755 696 3830 resistere,
713 3757 783 3834 post
795 3754 906 3816 multas
920 3754 1095 3817 anxiettates
1110 3758 1139 3816 et
1149 3753 1248 3816 varias
1263 3753 1470 3833 cogitationes,
1497 3777 1502 3784 ·

403 3847 519 3922 reperta
549 3842 597 3905 via
627 3842 789 3922 quomodo
824 3847 954 3906 cessaret
985 3842 1122 3920 infamia,
1158 3842 1353 3905 restituerunt
1381 3845 1471 3904 nocte

404 3933 590 3995 monachum
623 3932 653 3993 in
686 3931 811 3994 ecclesia
840 3935 869 3994 et
900 3932 1022 3993 archam
1046 3931 1170 3994 tractam
1193 3931 1271 3994 sicut
1293 3931 1380 4010 prius
1408 3934 1472 3993 erat

403 4027 583 4101 reparantes,
615 4024 644 4082 et
667 4020 698 4082 in
722 4039 757 4082 ea
784 4020 962 4083 thesaurum
991 4020 1197 4100 imponentes,
1228 4020 1350 4082 archam
1379 4019 1471 4082 etiam

348 4127 388 4172 rao
404 4128 496 4188 quam
511 4113 648 4172 matrona
659 4113 818 4189 aperuerat
828 4110 1002 4173 clauserunt
1016 4114 1046 4172 et
1059 4110 1249 4171 ferraverunt
1263 4113 1293 4172 et
1308 4108 1471 4188 pecuniam

403 4197 433 4259 in
458 4217 493 4261 ea
516 4203 726 4278 reposuerunt,
758 4199 841 4260 etin
865 4217 983 4261 camera
1014 4202 1120 4261 suaet
1143 4199 1174 4260 in
1199 4199 1268 4261 loco
1299 4197 1352 4260 ubi
1382 4201 1473 4260 nocte
