3525 5025
861 495 1083 552 ..26-

441 672 559 733 centem
583 668 818 732 condemnatis?
864 667 978 743 Quove
1000 684 1072 730 eum
1095 665 1229 730 ducitis?
1274 667 1347 731 Non
1376 672 1506 731 mortem

386 775 414 821 aa
441 757 561 821 meruit.
602 757 669 838 Ego
691 757 792 820 virum
817 755 960 820 interfeci.
980 792 1008 801 -
1032 763 1082 819 12.
1100 755 1138 819 nt
1153 756 1196 817 illi
1213 756 1383 836 injecerunt
1398 774 1507 820 manus

441 847 473 909 in
488 864 569 925 eum,
593 850 684 927 atque
700 846 825 927 ligatum
842 863 948 909 secum
963 844 1002 907 ad
1023 863 1144 909 crucem
1165 849 1328 923 traxerunt,
1349 844 1505 925 aliumque

440 955 458 999 a
481 953 583 1016 poena
598 936 705 999 mortis
720 936 886 1000 solverunt
926 933 1093 998 Homicida
1108 951 1182 997 vero
1198 934 1229 996 in
1252 934 1364 997 eodem
1385 934 1507 1014 agmine

442 1026 516 1089 haec
544 1024 665 1089 intuens
693 1024 896 1105 gradiebatur,
919 1027 1011 1103 atque
1037 1040 1142 1087 secum
1166 1027 1307 1087 tractans:
1333 1023 1427 1086 Hunc
1448 1041 1507 1103 ego

442 1113 586 1192 interfeci,
602 1118 631 1177 et
647 1114 701 1177 iste
717 1113 901 1177 damnatur?
929 1112 989 1175 tlic
1004 1113 1154 1176 innocens
1168 1112 1322 1193 supplicio
1338 1112 1506 1192 deputatur,

387 1219 414 1265 so
441 1220 502 1283 ego
517 1221 591 1267 vero
613 1220 729 1267 nocens
749 1202 885 1266 libertate
905 1202 1014 1265 iruor?
1052 1200 1215 1274 Quaenam
1236 1204 1280 1264 est
1302 1218 1393 1264 musa
1416 1201 1507 1280 hujus

418 1291 627 1372 injustitiae?
666 1291 787 1368 Nescio,
808 1291 866 1355 nisi
886 1290 952 1354 sola
970 1290 1028 1352 Dei
1045 1289 1187 1369 patientia
1201 1289 1249 1353 sit.
1288 1290 1403 1353 Verum
1422 1290 1508 1353 Deus

440 1381 535 1461 judex
546 1380 658 1460 iustus,
675 1379 861 1461 impunitum
877 1379 977 1444 scelus
989 1378 1109 1442 nullum
1126 1378 1261 1457 dimittit;
1278 1396 1317 1441 ne
1333 1379 1426 1459 igitur
1438 1396 1508 1460 pos

442 1469 535 1534 terius
556 1470 586 1532 in
610 1488 659 1533 me
678 1469 788 1532 durius
807 1469 948 1545 vindicet,
969 1467 1062 1547 hujus
1078 1485 1128 1530 me
1144 1468 1274 1548 prodam
1290 1468 1428 1531 criminis
1443 1485 1508 1531 esse

443 1576 538 1637 reum,
551 1559 656 1639 sicque
672 1556 824 1622 solvendo
839 1576 895 1621 eos
905 1576 923 1620 a
935 1560 1033 1622 morte
1045 1555 1131 1637 quod
1147 1557 1288 1621 commisi
1306 1556 1387 1620 luam
1404 1575 1508 1638 pecca·

388 1663 415 1709 or
442 1652 518 1711 tum.
562 1654 609 1713 13.
631 1646 747 1727 Objicit
767 1665 801 1711 se
818 1665 894 1727 ergo
915 1645 1052 1727 periculo
1072 1645 1190 1710 dicens:
1215 1647 1275 1725 Me,
1297 1664 1354 1723 me,
1375 1646 1430 1726 qui
1451 1646 1508 1709 ieci

443 1734 645 1801 homicidium
663 1736 753 1815 istud,
769 1737 873 1817 eapite,
891 1736 981 1799 istum
997 1734 1137 1798 dimittite
1153 1735 1330 1799 innoxium!
1347 1771 1373 1779 -
1386 1735 1510 1815 Judiees

441 1830 542 1889 autem
567 1842 631 1889 non
650 1843 758 1907 parum
781 1824 966 1888 admirantes
990 1824 1162 1904 ligaverunt
1184 1824 1275 1902 hunc,
1297 1824 1392 1887 alioa
1411 1830 1509 1887 morte

441 1914 557 1992 soluto;
577 1914 703 1994 jamque
721 1913 759 1977 de
773 1913 890 1993 judicio
906 1913 1080 1976 dubitantes
1096 1912 1179 1976 hunc
1194 1930 1264 1976 cum
1281 1913 1408 1993 reliquis
1423 1913 1511 1994 prius

443 2004 577 2067 liberatis
594 2008 664 2067 ante
680 2021 784 2083 regern
801 2003 1003 2081 adduxerunt
1027 2002 1118 2082 eique
1133 2002 1239 2066 omnia
1254 2021 1291 2065 ex
1306 2002 1418 2066 ordine
1434 2003 1510 2066 rete-

389 2111 429 2157 roo
445 2096 545 2156 rentes
561 2093 662 2173 ipsum
680 2093 768 2155 etiam
786 2092 933 2155 haesitare
948 2091 1096 2154 fecerunt.
1132 2090 1302 2155 Communi
1319 2092 1421 2171 itaque
1436 2110 1511 2155 con-

442 2182 512 2246 silio
533 2199 586 2245 rex
601 2182 645 2246 eis
661 2200 755 2246 omne
770 2180 886 2245 crimen
901 2180 988 2261 quod
1008 2180 1068 2243 sibi
1090 2180 1299 2261 imposuerant
1313 2179 1510 2257 condonavit,

443 2289 481 2335 eo
501 2275 602 2334 tamen
619 2275 707 2352 pacto
728 2275 761 2334 ut
781 2269 920 2334 criminis
938 2269 998 2333 sibi
1019 2269 1155 2349 impositi
1176 2287 1283 2333 causas
1298 2269 1509 2351 patefacerent.

442 2361 482 2424 Αἱ
503 2360 545 2422 illi
570 2359 612 2423 rei
636 2360 790 2423 veritatem
814 2359 841 2423 ei
866 2363 1085 2440 exposuerunt.

538 2454 587 2511 14.
612 2448 782 2514 Communi
798 2452 899 2511 autem
915 2465 1069 2511 consensu
1086 2447 1234 2513 omnibus
1253 2446 1410 2526 absolutis,
1431 2447 1512 2509 indi-

390 2557 429 2604 ιω
444 2556 531 2619 gena,
548 2538 602 2618 qui
620 2556 677 2619 pro
692 2538 793 2602 amico
809 2538 889 2602 mori
905 2538 1086 2615 decreverat,
1107 2536 1209 2618 ipsum
1227 2537 1258 2600 in
1275 2536 1404 2600 domum
1420 2555 1510 2601 suam

444 2628 621 2706 introduxit,
638 2627 729 2708 eique
744 2628 830 2691 omni
847 2630 967 2691 honore
983 2645 1041 2707 pro
1058 2626 1116 2688 ritu
1133 2627 1219 2703 tacto,
1236 2625 1322 2689 dixit:
1338 2625 1371 2690 Si
1388 2644 1511 2690 mecum

445 2734 568 2780 manere
582 2716 758 2798 acquiescis,
783 2717 888 2780 omnia
904 2715 996 2780 nobis
1012 2719 1104 2797 prout
1118 2715 1204 2779 decet
1218 2719 1308 2778 erunt
1322 2717 1513 2779 communia.

444 2805 475 2870 Si
492 2824 566 2870 vero
590 2806 752 2888 repatriare
767 2805 911 2883 volueris,
935 2823 1014 2885 quae
1038 2820 1105 2866 mea
1127 2809 1200 2868 sunt
1221 2822 1319 2884 aequa
1334 2804 1420 2867 lance
1444 2823 1514 2885 par-

443 2895 563 2960 tiamur.
578 2931 610 2940 —
624 2895 663 2959 nt
679 2895 737 2973 ille,
759 2895 865 2959 natalis
879 2894 938 2958 soli
954 2892 1119 2957 dulcedine
1132 2893 1265 2972 allectus,
1286 2896 1401 2973 partem
1418 2894 1516 2958 totius

390 3003 430 3048 110
445 2984 630 3048 substantiae
645 3002 739 3064 quam
760 2984 818 3048 sibi
835 2984 987 3048 obtulerat
1002 2983 1121 3063 recepit,
1141 2982 1247 3064 sicque
1263 2982 1445 3063 repatriavit

870 3126 934 3190 Vll.
983 3132 1078 3192 4-6.

534 3257 564 3314 4.
589 3251 753 3315 Transiens
781 3251 907 3332 quidam
936 3269 993 3332 per
1019 3253 1126 3316 silvam
1155 3251 1272 3313 invenit
1298 3255 1473 3331 serpentem
1498 3270 1518 3314 a

445 3340 620 3421 pastoribus
640 3341 823 3418 exstrictum,
842 3345 871 3404 et
890 3341 1045 3422 stipitibus
1064 3340 1230 3420 alligatum,
1252 3358 1345 3420 quem
1367 3357 1443 3404 mox
1463 3357 1518 3405 so

445 3429 543 3493 lutum
567 3429 728 3493 calefacere
752 3430 876 3495 curavit.
916 3429 1089 3494 Calefactus
1110 3446 1236 3510 serpens
1256 3429 1335 3492 cirea
1354 3428 1516 3493 foventem

443 3535 566 3599 serpere
590 3519 698 3599 coepit
728 3523 757 3582 et
783 3519 907 3582 tandem
935 3519 1061 3599 ligatum
1090 3518 1222 3599 graviter
1248 3518 1376 3582 strinxit.
1424 3519 1520 3583 Tunc

391 3625 431 3670 115
447 3608 557 3671 homo:
581 3607 677 3686 Quid,
699 3607 805 3688 inquit,
826 3607 922 3671 tacis?
946 3607 1013 3671 Cur
1028 3608 1143 3671 malum
1160 3626 1217 3688 pro
1234 3608 1320 3672 bono
1336 3606 1464 3672 reddis?
1479 3643 1510 3653 —

446 3698 482 3761 Et
497 3697 572 3760 haec
586 3715 725 3778 serpens:
750 3698 897 3760 Naturam
915 3716 1014 3760 meam
1030 3697 1119 3761 tacio.
1135 3733 1161 3741 —
1177 3697 1309 3774 Bonum,
1325 3696 1366 3759 ait
1381 3696 1441 3776 ille,
1457 3697 1519 3761 tibi

445 3786 511 3865 ieci,
526 3790 555 3849 et
571 3786 647 3848 illud
664 3785 746 3849 malo
763 3785 838 3848 mihi
856 3786 982 3850 reddis?
996 3822 1021 3829 -
1044 3788 1070 3850 5.
1088 3786 1149 3849 illis
1164 3803 1238 3849 vero
1258 3786 1302 3849 sic
1323 3785 1521 3849 contenden-

444 3874 527 3939 tibus
543 3879 648 3939 vocata
670 3879 715 3938 est
738 3875 816 3938 inter
838 3893 892 3938 eos
914 3875 954 3938 ad
976 3875 1125 3955 judicium
1150 3873 1267 3955 vulpes,
1290 3874 1339 3938 cui
1359 3878 1459 3937 totum
1482 3881 1523 3939 ut

445 3969 586 4028 evenerat
614 3983 651 4027 ex
674 3963 784 4027 ordine
807 3968 1009 4027 monstratum
1035 3969 1088 4027 est.
1122 3964 1211 4026 Tunc
1233 3963 1354 4044 vulpes:
1384 3963 1433 4026 De
1456 3963 1523 4028 hac

391 4070 431 4116 1ao
447 4071 538 4117 causa
559 4071 614 4135 per
634 4052 773 4116 auditum
797 4053 934 4133 judicare
961 4053 1086 4134 ignoro,
1118 4053 1176 4115 nisi
1200 4051 1330 4133 qualiter
1355 4051 1434 4115 inter
1455 4071 1524 4118 vos

445 4143 579 4223 primum
597 4142 687 4205 tuerit
702 4142 740 4205 ad
758 4142 883 4206 oculum
900 4142 1001 4206 video.
1017 4178 1044 4186 —
1059 4147 1088 4204 6.
1103 4141 1258 4221 Religatur
1273 4138 1366 4220 igitur
1385 4157 1524 4221 serpens

445 4235 479 4291 ut
498 4231 593 4310 prius.
624 4229 722 4294 Modo
743 4230 843 4309 inquit
862 4230 984 4310 vulpes:
1008 4229 1039 4294 Ο
1060 4246 1195 4310 serpens,
1221 4229 1246 4293 sl
1270 4232 1359 4309 potes
1382 4229 1524 4296 evadere
