3525 5025
684 530 927 584 -141-

284 701 425 780 sapiencia
446 706 503 764 est:
527 701 716 780 ‘Numquam
740 700 915 781 hospicium
931 699 1032 781 capias
1051 700 1082 763 in
1098 700 1196 764 domo
1211 701 1339 765 alicuius

284 789 323 851 ad
337 790 515 853 manendum
532 789 573 851 de
588 793 685 867 nocte,
708 789 760 853 vbi
784 789 932 853 dominus
954 789 1069 853 domus
1089 789 1127 853 sit
1141 806 1234 853 senex
1250 790 1338 854 valde

218 918 225 933 .
284 883 314 940 et
332 896 403 941 vxor
423 879 609 941 iuuenculat'
657 879 724 943 ttec
752 878 809 941 111¹
838 877 967 955 custodi,
1004 882 1034 941 et
1061 879 1141 942 bene
1167 878 1222 942 tibi
1246 880 1335 943 erit!l

284 968 440 1047 imperator
475 968 503 1031 et
543 966 628 1031 dedit
665 985 723 1048 pro
762 967 899 1047 qualibet
935 966 1088 1048 sapiencia
1120 968 1153 1031 Μ
1192 968 1338 1034 florenos.

235 1073 271 1118 sm
285 1065 313 1117 2.
341 1056 469 1119 Primam
500 1056 693 1137 sapienciam,
723 1056 849 1120 scilicet:
883 1055 1048 1136 Quidquid
1078 1073 1151 1135 agas
1178 1062 1240 1135 etc,
1271 1058 1339 1122 tecit

282 1145 366 1209 scribi
389 1146 419 1208 in
441 1144 520 1222 aula,
552 1145 584 1207 in
612 1163 732 1209 camera
754 1149 783 1208 et
806 1144 838 1207 in
868 1144 1017 1209 omnibus
1047 1144 1130 1222 locis,
1162 1145 1192 1208 in
1224 1146 1339 1226 quibus

281 1234 429 1297 ambulare
450 1235 577 1312 solebat,
606 1235 637 1297 in
662 1233 779 1316 pannis,
808 1234 986 1314 dequibus
1009 1235 1230 1311 commedebat,
1254 1236 1338 1299 etin

282 1324 478 1404 manutergiis.
526 1324 600 1387 Post
622 1324 680 1387 hec
710 1323 770 1387 cito
800 1328 926 1404 propter
955 1322 1102 1387 iusticiam
1133 1342 1220 1388 suam
1252 1324 1338 1388 multi

281 1411 319 1473 de
338 1412 465 1493 imperio
487 1412 638 1476 aduersus
660 1430 732 1475 eum
752 1412 976 1493 conspirabant,
1000 1416 1034 1476 ut
1055 1430 1126 1476 eum
1151 1412 1337 1490 occiderem;

234 1500 332 1563 ensed
352 1501 508 1582 perviam
532 1501 672 1582 potencie
702 1502 762 1565 hoc
784 1518 849 1566 non
872 1505 1012 1582 poterant
1033 1501 1209 1583 adimplere.
1255 1500 1338 1566 Cum

281 1589 486 1655 barbitonsore
508 1591 575 1654 eius
598 1589 812 1669 loquebantur,
836 1608 892 1671 per
915 1590 1087 1654 mercedem
1111 1596 1152 1668 ut,
1175 1609 1246 1654 cum
1270 1592 1338 1655 bar·

280 1679 344 1741 bam
366 1680 432 1743 eius
455 1679 581 1757 raderet,
605 1683 710 1759 guttur
731 1679 799 1743 eius
820 1678 999 1743 abscideret.
1043 1680 1242 1744 Barbitonsor
1264 1698 1338 1745 vero

279 1772 391 1849 accepb
413 1769 453 1832 ab
476 1769 521 1831 eis
552 1769 700 1849 peccunia
729 1768 861 1833 fideliter
893 1768 1034 1850 promisit
1061 1769 1137 1832 illud
1160 1770 1338 1851 adimplere.

280 1855 354 1920 Cum
376 1876 451 1921 vero
475 1858 642 1938 imperator
665 1858 696 1921 in
725 1858 869 1939 proximo
893 1856 958 1921 radi
982 1857 1115 1935 deberet,
1143 1859 1339 1923 barbitonsor

236 1960 268 2006 nn
280 1962 310 2008 se
324 1965 376 2027 per
390 1947 496 2010 omnia
512 1947 638 2028 parauit,
662 1946 735 2010 lauit
756 1947 882 2011 barbam
898 1950 928 2010 et
943 1946 1055 2028 incepit
1070 1947 1184 2023 radere,
1208 1949 1339 2030 respexit

280 2034 407 2113 interius,
447 2036 523 2100 vidit
560 2036 787 2117 manutergium
825 2036 904 2099 circa
941 2035 1065 2113 collum,
1104 2036 1135 2099 in
1174 2054 1238 2116 quo
1276 2043 1339 2102 erat

279 2125 430 2206 scriptum:
448 2124 611 2205 Quidquid
627 2143 701 2206 agas
715 2129 770 2189 etc.
798 2125 1000 2189 Barbitonsor
1014 2143 1084 2189 cum
1101 2130 1179 2199 esset
1195 2126 1338 2191 litteratus

278 2217 305 2275 et
325 2214 517 2278 intellexisset
542 2214 734 2296 scripturam,
762 2215 840 2277 intra
862 2232 895 2277 se
919 2213 1083 2294 cogitabat:
1116 2252 1129 2281 n
1137 2215 1240 2279 Hodie
1267 2233 1336 2279 sum

279 2303 450 2381 conductus,
482 2308 516 2367 ut
543 2304 634 2367 istum
663 2303 822 2368 hominem
846 2302 1036 2367 interficiam.
1081 2302 1112 2367 Si
1141 2304 1202 2371 hoc
1227 2304 1337 2383 iecer0,

236 2390 345 2456 nstinis
371 2409 460 2456 meus
487 2393 543 2456 erit
573 2392 733 2473 pessimus,
764 2392 837 2473 quia
864 2396 963 2455 morte
993 2392 1167 2473 turpissima
1190 2412 1244 2458 ero
1267 2411 1338 2457 con·

278 2478 463 2563 dempnatus.
497 2481 653 2562 Quitquid
672 2499 745 2563 agas
760 2486 814 2547 etc
850 2482 973 2546 Bonum
998 2487 1050 2560 est,
1075 2486 1108 2546 ut
1130 2482 1224 2546 tinem
1246 2482 1336 2547 istum

279 2572 430 2652 respiciam
462 2575 492 2635 et
519 2590 538 2634 a
567 2572 650 2636 malo
681 2572 842 2653 proposito
873 2572 1037 2635 resistam.u
1092 2570 1197 2635 Statim
1229 2590 1338 2636 manus

278 2659 337 2722 eius
365 2665 512 2742 ceperunt
544 2666 686 2740 tremere,
724 2660 811 2741 quod
843 2662 996 2724 nouacula
1028 2660 1068 2724 de
1100 2662 1242 2725 manibus
1272 2662 1338 2726 eius

278 2749 386 2813 cecidit
423 2750 491 2812 ltec
505 2750 615 2813 videns
630 2750 797 2832 imperator
817 2750 859 2813 ait
881 2750 924 2813 ei:
951 2750 1031 2816 „Dic
1047 2749 1148 2828 michi,
1173 2750 1337 2830 karissime,

176 2910 177 2915 ἵ
237 2838 348 2916 utquid
371 2842 418 2902 est
440 2839 537 2903 tibi?u
578 2839 617 2902 At
632 2839 695 2903 itte:
723 2839 774 2907 „0
790 2838 926 2916 domine,
951 2839 1095 2902 miserere
1112 2838 1186 2902 mei!
1234 2839 1339 2903 Hodie

176 2920 177 2943 ¹
277 2928 439 3007 apreciatus
468 2946 547 3006 sum,
582 2933 616 2992 ut
648 2933 676 2992 te
707 2928 892 3005 occiderem;
928 2927 981 2990 sed
1012 2927 1090 2992 sicut
1123 2927 1200 2990 deus
1232 2929 1338 3007 uoluit,

176 3098 177 3101 Ἴ
277 3017 451 3098 scripturam
476 3016 539 3080 vidi
563 3017 595 3079 in
620 3016 825 3096 manutergio:
849 3016 1014 3096 Quidquid
1037 3035 1111 3098 agas
1134 3021 1187 3080 etc.
1233 3017 1337 3080 Statim

278 3107 474 3184 considerant,
498 3105 585 3187 quod
607 3106 681 3170 tinis
697 3123 785 3170 meus
807 3109 887 3170 esset
909 3123 994 3169 mors
1017 3106 1199 3187 turpissima,
1223 3111 1252 3169 et
1268 3105 1338 3171 ideo

278 3211 382 3259 manus
412 3214 482 3259 mee
507 3195 704 3259 tremebant.u
755 3199 783 3258 3.
808 3194 977 3276 Imperator
1008 3212 1078 3258 cum
1110 3196 1170 3258 hoc
1196 3195 1338 3274 audisset,

177 3298 178 3329 t
238 3293 268 3341 m
280 3281 349 3348 intra
363 3303 398 3348 se
413 3284 578 3364 cogitabat:
597 3285 679 3350 „lam
696 3284 794 3365 prima
810 3284 963 3366 sapiencia
974 3283 1065 3346 vibam
1081 3302 1181 3347 meam
1197 3283 1338 3362 saluauit,

279 3371 353 3436 bona
369 3375 447 3437 hora
459 3374 595 3455 precium
613 3392 671 3455 pro
686 3391 722 3436 ea
737 3373 839 3437 dedis
857 3373 908 3436 Ait
923 3373 1142 3437 barbitonsori:
1162 3373 1340 3439 „Ammodo

278 3461 314 3524 sis
327 3462 438 3539 tidelis,
461 3467 491 3526 et
506 3463 567 3526 hoc
581 3462 636 3526 tibi
652 3463 801 3527 dimitto!
840 3463 965 3543 Satrape
981 3462 1100 3543 imperii
1118 3463 1178 3526 hoc
1193 3462 1339 3540 videntes,

278 3551 356 3629 quod
381 3570 446 3615 non
479 3556 604 3632 possent
626 3570 697 3614 eum
730 3570 786 3633 per
812 3551 895 3614 illam
919 3551 1000 3614 viam
1029 3550 1176 3629 occidere,
1208 3552 1285 3614 intra
1301 3547 1341 3615 'se

278 3641 445 3718 tractabant,
469 3640 632 3721 quomodo
647 3659 718 3704 eum
735 3640 917 3705 occiderent
955 3639 1003 3704 Ad
1029 3640 1160 3704 inuicem
1184 3641 1339 3704 dixerunt:

238 3737 268 3785 tm
282 3729 359 3792 ‚Tali
383 3734 524 3810 tempore
540 3730 659 3794 recedet
673 3748 780 3794 versus
795 3730 885 3793 tatem
902 3729 1062 3793 ciuitatem.
1097 3729 1201 3794 Simus
1224 3730 1274 3792 illa
1289 3729 1340 3793 die

278 3816 442 3882 absconditi
467 3818 499 3881 in
522 3819 637 3897 semib,
660 3836 824 3901 perquam
840 3818 971 3897 transiet,
995 3823 1024 3882 et
1038 3836 1108 3882 eum
1125 3819 1336 3882 occidamus!u

280 3904 425 3972 Dicebant
446 3907 510 3971 alii:
544 3909 687 3973 „Bonum
716 3913 761 3972 est
791 3908 984 3972 consitium.u
1034 3909 1201 3989 imperator
1227 3906 1337 3972 eodem

278 3997 410 4078 tempore
433 3997 559 4078 parabat
580 4016 622 4075 se,
652 4002 681 4061 et
703 4015 773 4061 cum
800 3998 859 4076 (BL
885 3997 970 4078 83u.)
994 3997 1158 4076 equitasset
1179 4013 1277 4076 vsque
1298 3995 1336 4058 ad

279 4087 410 4150 unitam
435 4086 527 4163 ittam,
557 4087 700 4149 dixerunt
722 4087 750 4150 ei
774 4086 885 4149 milites
909 4086 987 4149 eius:
1025 4086 1190 4162 momine,
1219 4087 1336 4150 bonum

240 4179 319 4236 uest
338 4194 375 4240 ac
397 4175 500 4239 vtilius
531 4195 586 4257 per
615 4176 701 4239 istam
729 4175 867 4238 semitam
899 4176 1026 4238 transire
1054 4193 1148 4255 quam
1172 4173 1336 4255 perlatam

280 4262 361 4343 viana
392 4265 466 4345 quia
490 4265 696 4346 propinquior
722 4268 767 4327 est
789 4283 825 4328 ac
848 4262 1023 4327 mundior.u
1073 4265 1239 4343 imperator
1262 4262 1338 4324 intra
