3525 5025
861 510 1101 564 -102—

448 678 594 743 demersit
626 679 658 743 iu
688 684 825 760 puteum,
858 683 889 742 et
918 697 987 743 ecce
1016 678 1056 743 de
1085 679 1228 743 thesauro
1259 681 1341 761 regis
1369 680 1505 760 requiror.

449 768 538 833 lunc
573 768 664 831 etiam
702 768 835 832 lacrimis
872 768 969 845 latsis,
1012 768 1108 832 immo
1147 769 1317 833 verissimis
1359 770 1506 850 pertusus:

450 858 614 939 Magnum,
651 858 701 935 ait,
738 874 760 921 o
794 876 855 936 rex,
894 857 1078 921 beneficium
1113 857 1320 938 solatiumque
1355 858 1508 940 prestiteris

396 966 437 1013 ms
451 946 575 1025 misero,
611 946 638 1011 si
672 964 723 1010 me
750 946 792 1009 ab
821 947 879 1010 laec
912 946 980 1025 vita,
1018 965 1080 1027 que
1113 948 1199 1010 omni
1232 951 1394 1026 tormento,
1429 946 1508 1011 omni
1578 956 1579 981 t

452 1041 550 1100 morte
587 1035 680 1099 michi
722 1035 809 1117 gravi
820 1030 925 1116 [152⁶]
937 1053 975 1100 or
1015 1035 1151 1114 videtur,
1196 1037 1390 1100 subtraxeris.
1450 1036 1510 1103 Rex

449 1130 551 1189 auum
588 1143 659 1188 cum
694 1124 837 1188 iuvenem
875 1125 992 1189 crebris
1026 1124 1170 1205 pertundi
1206 1124 1339 1189 lacrimis
1374 1129 1511 1189 mortem-

450 1232 512 1295 que
560 1215 630 1277 looo
675 1213 815 1277 beneficii
862 1232 991 1294 querere
1036 1213 1160 1292 videret,
1205 1213 1387 1294 audiretque
1431 1214 1511 1294 quod

450 1322 522 1367 vere
559 1303 629 1383 ipso
671 1302 722 1365 die
756 1302 857 1365 filiurn
888 1302 1085 1383 perdidisset,
1125 1303 1329 1383 hestemoque
1367 1304 1512 1385 pollicem,
1578 1336 1579 1377 3

397 1412 438 1457 rao
453 1393 613 1456 miseratus
650 1390 810 1455 hominem
851 1391 937 1455 abire
980 1392 1129 1473 permisit,
1175 1396 1297 1456 centum
1336 1392 1364 1455 ei
1402 1391 1512 1473 argenti

452 1498 568 1545 marcas
605 1498 664 1562 pro
700 1480 811 1544 solatio
844 1481 993 1544 tribuens.
1048 1480 1099 1545 Sic
1136 1481 1244 1545 iterum
1284 1499 1337 1544 rex
1375 1480 1514 1561 deceptus
1578 1486 1579 1557 l

450 1570 658 1634 consiliarium
696 1586 788 1633 suum
822 1569 898 1633 adiit
929 1569 1023 1647 aiens,
1062 1570 1147 1649 quod
1180 1571 1211 1632 in
1241 1588 1356 1633 vanum
1392 1588 1513 1652 operam

452 1658 669 1739 insumpsissit.
1578 1698 1579 1733 ,

540 1746 601 1811 Sed
624 1765 718 1811 senex
739 1747 780 1810 ad
803 1766 921 1827 regem:
947 1749 1064 1825 Unum,
1087 1748 1136 1826 ait,
1158 1747 1260 1812 adhuc
1275 1753 1414 1829 superest
1427 1766 1515 1828 agen·

398 1836 538 1914 uadum,
559 1853 624 1916 quo
647 1836 706 1899 nisi
728 1836 828 1899 turem
851 1836 1044 1918 superstitem
1065 1837 1174 1918 capias,
1198 1836 1256 1899 iarn
1274 1837 1386 1900 trustra
1401 1836 1439 1899 ad
1462 1836 1516 1899 alia
1578 1860 1579 1921 p

451 1931 481 1989 te
513 1930 682 1990 convertes.
737 1925 822 2005 Elige
856 1926 910 1989 tibi
946 1926 1057 1988 milites
1091 1926 1274 1989 tortissimos
1308 1925 1515 2006 quadraginta,

451 2031 586 2094 quorum
620 2014 729 2094 viginti
765 2015 862 2094 nigris
896 2014 989 2077 armis
1024 2014 1183 2095 nigrisque
1213 2016 1302 2095 equis
1333 2015 1515 2090 muniantur,
1578 2036 1579 2105 l

450 2104 564 2184 aliique
595 2103 703 2183 viginti
732 2103 811 2167 albis
845 2104 934 2183 equis
962 2104 1118 2184 armisque
1147 2102 1285 2167 eiusdem
1316 2103 1429 2167 coloris
1460 2103 1518 2167 sint
1578 2122 1579 2187 ᾗ

450 2192 566 2256 armati.
613 2193 745 2272 lliisque
774 2192 902 2255 cadaver
931 2192 1017 2272 tigno
1048 2192 1180 2273 pedibus
1212 2210 1398 2273 suspensum
1430 2198 1515 2256 nocte
1578 2196 1579 2283 l

397 2299 488 2345 moac
518 2281 569 2345 die
599 2280 837 2345 custodiendum
867 2282 1052 2360 committas,
1083 2281 1191 2361 viginti
1222 2282 1301 2345 albis
1333 2282 1414 2359 hine,
1449 2281 1518 2344 inde
1578 2292 1579 2339 1

451 2371 559 2451 vagno
597 2371 694 2450 nigris
731 2371 811 2435 cnm
848 2371 950 2450 ipsum
990 2370 1147 2434 ordinans.
1214 2370 1265 2433 nn
1302 2370 1454 2451 prolecto,
1493 2370 1516 2432 si
1578 2350 1579 2415 l

451 2459 611 2540 vigilanter
626 2459 832 2538 custodierint,
856 2465 944 2523 tuum
960 2461 1079 2540 capient
1094 2460 1202 2538 turem,
1222 2460 1374 2540 quianon
1391 2460 1518 2542 patietur

452 2549 518 2630 ipse
551 2549 667 2613 diutius
701 2549 836 2631 pendere
864 2549 993 2628 socium,
1032 2549 1121 2612 etiam
1152 2550 1177 2612 si
1212 2550 1292 2626 sciat,
1324 2568 1358 2612 se
1389 2555 1516 2613 mortem
1578 2555 1579 2564 ’

452 2638 594 2718 protinus
609 2638 794 2702 subiturum.
831 2638 895 2708 Rex
910 2643 1021 2716 autem,
1044 2643 1137 2719 prout
1151 2639 1268 2702 dixerat
1282 2656 1384 2716 senex,
1410 2639 1517 2702 milites
1578 2685 1579 2690 η

397 2742 439 2789 roo
454 2727 551 2806 nigris
587 2726 729 2806 albisque
762 2727 899 2792 munitos
935 2729 1029 2791 armis
1060 2728 1139 2791 circa
1172 2745 1356 2808 suspensum
1393 2727 1518 2792 cadaver
1578 2761 1579 2796 ,

453 2816 614 2879 ordinavit
659 2814 699 2878 nt
728 2834 802 2879 vero
836 2817 887 2879 tur
921 2817 971 2880 ille
1004 2835 1097 2880 suum
1130 2817 1284 2897 patrisque
1316 2817 1517 2897 obprobrium

453 2905 532 2968 terre
548 2923 611 2968 non
627 2905 744 2982 volens,
769 2904 948 2985 malensque
963 2906 1057 2968 semel
1074 2906 1163 2983 mori,
1183 2904 1346 2985 quamdiu
1364 2906 1520 2969 infeliciter

452 2994 563 3070 vivere,
587 2994 766 3057 deliberavit
787 2994 819 3057 in
842 2993 958 3072 animo,
981 2994 1067 3074 quod
1083 2999 1135 3057 aut
1151 2999 1266 3074 patrem
1287 2994 1367 3074 turpi
1384 2993 1518 3059 ludibrio

453 3084 651 3161 subtraheret,
674 3088 726 3146 aut
748 3083 814 3164 ipse
837 3100 907 3146 cum
924 3102 963 3147 eo
979 3083 1090 3164 pariter
1106 3087 1283 3147 moreretur.
1318 3083 1430 3146 Subtili
1446 3100 1519 3163 ergo

398 3189 439 3235 aro
454 3173 581 3251 ingenio
603 3191 689 3235 arma
712 3173 817 3253 partita
840 3173 974 3252 fabricat,
998 3178 1060 3236 tota
1075 3172 1188 3236 scilicet
1201 3173 1241 3235 ab
1260 3190 1322 3235 una
1345 3177 1430 3253 parte
1445 3173 1518 3247 alba,

452 3265 482 3323 et
504 3260 593 3340 nigra
614 3262 653 3325 ab
676 3262 776 3340 altera,
807 3262 923 3341 quibus
945 3266 1079 3326 armatus
1102 3279 1217 3342 equum
1242 3261 1314 3324 hinc
1336 3262 1419 3341 albo,
1451 3260 1519 3325 inde

453 3349 544 3429 nigro
573 3367 677 3430 panno
708 3355 849 3431 opertum
880 3351 1024 3416 ascendit.
1072 3350 1183 3431 sicque
1214 3350 1332 3414 lucente
1363 3352 1439 3415 luna
1468 3365 1517 3432 per

453 3439 574 3502 medios
619 3440 723 3503 transit
769 3439 887 3517 milites,
935 3445 968 3504 ut
1013 3441 1100 3520 nigra
1145 3458 1215 3520 pars
1258 3458 1418 3504 armorum
1457 3440 1518 3503 eius

454 3527 562 3607 viginti
600 3529 689 3592 albos
727 3528 886 3592 deluderet
928 3535 957 3594 et
996 3529 1065 3592 alba
1103 3547 1173 3609 pars
1211 3528 1363 3608 deciperet
1402 3530 1515 3610 nigros,

399 3621 657 3697 copularentque
688 3618 767 3698 nigri
799 3636 898 3681 unum
929 3636 996 3682 esse
1027 3638 1064 3681 ex
1097 3618 1183 3696 albis,
1218 3622 1247 3681 et
1273 3618 1333 3681 albi
1362 3636 1461 3681 unum
1484 3632 1516 3677 ex

455 3704 552 3784 nigris
595 3705 670 3769 tore.
731 3707 782 3770 Sic
826 3725 902 3788 ergo
949 3707 1153 3789 pertransiens
1195 3706 1278 3770 venit
1323 3706 1362 3770 ad
1406 3711 1514 3788 patrem

453 3792 692 3874 depositumque
733 3813 751 3857 a
786 3795 872 3874 ligno
916 3797 1087 3878 asportavit.
1142 3796 1242 3876 [153³]
1292 3796 1382 3860 Facto
1420 3799 1514 3859 autem

454 3898 544 3944 mane
579 3882 688 3946 milites
718 3883 856 3948 videntes
891 3885 990 3948 turem
1025 3885 1129 3948 furtim
1164 3870 1319 3948 sublatum
1355 3885 1413 3948 sibi
1448 3897 1514 3946 con-

454 3969 514 4032 tusi
546 3970 702 4033 redierunt
732 3972 770 4034 ad
802 3990 915 4052 regem,
951 3979 1114 4051 narrantes,
1148 3973 1310 4053 quomodo
1346 3991 1400 4037 eos
1434 3970 1513 4034 miles

399 4075 440 4120 aaa
454 4057 532 4120 albis
563 4059 720 4135 nigrisque
750 4061 843 4120 armis
870 4061 996 4136 pertitus
1026 4062 1201 4139 decepisset.
1250 4062 1424 4142 Desperans
1445 4071 1513 4135 ergo
1578 4113 1579 4142 ,

454 4143 512 4204 iam
546 4161 597 4202 rex
628 4158 720 4216 posse
750 4144 920 4218 recuperari
949 4146 1067 4220 perdita
1097 4152 1126 4206 et
1155 4147 1254 4209 furem
1285 4153 1313 4211 et
1344 4151 1511 4213 thesaurum

454 4226 579 4289 cessavit
602 4240 738 4300 querere.
