3525 5025
680 488 922 543 -113-·

240 663 396 741 sunephas,
424 662 461 725 de
490 661 624 741 singulis
656 660 817 723 comedere
847 659 957 739 coegit.
1006 658 1104 722 Porro
1133 677 1202 721 cum
1231 665 1260 722 et
1288 678 1337 723 me

290 751 408 829 iugulare
429 752 525 827 vellet,
550 750 696 812 mentitus
718 768 787 811 sum
812 768 862 811 me
885 766 952 811 esse
968 747 1131 825 medicum,
1156 750 1337 829 promittens

288 858 330 902 me
358 841 418 903 eius
451 841 568 917 oculos,
604 839 719 919 quibus
752 839 884 917 graviter
919 836 1055 914 dolebat,
1090 842 1275 915 curaturum,
1310 838 1335 902 si

287 929 378 991 mortis
399 930 562 992 discrimen
579 927 750 990 evaderem.
769 926 860 1000 .Quo
877 926 1007 990 libenter
1023 926 1083 990 hoc
1098 944 1156 1006 pro
1173 927 1335 990 oculorum

286 1018 405 1079 remedio
434 1016 666 1097 consequendo,
701 1021 855 1079 annuente
888 1020 1085 1095 roganteque,
1121 1020 1154 1077 ut
1185 1016 1336 1096 promissa

240 1106 361 1168 ancilias
392 1107 510 1169 effectui
547 1107 761 1185 manciparem,
801 1104 936 1185 imposui
972 1104 1031 1168 olei
1067 1104 1231 1168 sextarium
1262 1104 1335 1185 igni,

285 1195 440 1258 admiscens
466 1196 493 1258 ei
523 1196 555 1257 in
587 1213 699 1274 magna
726 1195 890 1275 quantitate
918 1194 1040 1271 calcem,
1071 1194 1174 1271 salem,
1205 1194 1337 1274 sulphur

285 1288 308 1345 et
325 1285 587 1365 auripigmentum,
611 1289 778 1363 ceteraque,
802 1302 864 1363 que
880 1283 1038 1346 nociviora
1054 1288 1082 1345 et
1101 1282 1222 1345 seviora
1238 1282 1336 1346 oculis

284 1391 339 1435 esse
368 1393 581 1453 cognoveram,
616 1375 792 1453 factumque
826 1373 938 1434 exinde
971 1371 1133 1449 collirium,
1168 1372 1211 1434 uti
1243 1390 1336 1453 super

285 1461 372 1541 ignem
405 1463 554 1540 fervebat,
593 1480 686 1542 super
720 1462 860 1542 patientis
895 1466 986 1541 eaput
1015 1460 1122 1525 effudi.
1178 1462 1254 1523 Mox
1285 1460 1336 1523 ille

239 1550 395 1614 mterventi
418 1553 488 1615 oleo
517 1557 595 1614 totas
622 1552 762 1630 corporis
796 1550 1003 1631 profunditate
1036 1554 1135 1630 partes
1164 1550 1335 1613 decoriatus

284 1641 407 1720 pelleque
423 1646 575 1705 contracta
591 1642 622 1701 in
640 1658 747 1719 rugam
765 1640 928 1719 nervisque
948 1639 1117 1718 rigentibus
1134 1638 1210 1701 illud
1229 1638 1254 1718 [1
1265 1634 1332 1719 58b]

284 1730 415 1792 tantillum
447 1731 562 1806 lumen,
594 1729 679 1808 quod
712 1729 825 1792 habere
852 1729 1021 1807 videbatur,
1052 1728 1161 1791 amisit.
1208 1728 1335 1792 Videres

283 1836 347 1897 ergo
361 1838 517 1883 enormem
534 1823 661 1882 statuam
678 1818 759 1880 illam
777 1817 864 1898 quasi
881 1817 1037 1898 quendam
1060 1817 1255 1897 epilenticum
1280 1836 1335 1897 per

283 1908 474 1985 pavimentum
491 1908 622 1972 volutari
638 1912 667 1970 et
682 1926 765 1970 nunc
780 1908 899 1986 rugitus
916 1908 1050 1984 leonum,
1075 1924 1159 1969 nunc
1174 1910 1332 1969 taurorum

239 1994 379 2059 minitari
408 1997 554 2077 mugitus,
585 1996 774 2059 horrendum
807 1996 899 2058 nimis
930 1994 1022 2058 michi
1054 1996 1101 2058 sui
1126 1994 1332 2075 spectaculum

281 2085 448 2151 exibentem.
485 2087 549 2149 Diu
573 2091 674 2148 autem
700 2086 859 2163 volutatus,
882 2103 953 2147 cum
971 2085 1015 2147 sic
1029 2082 1169 2147 dolorem
1195 2085 1333 2164 mitigare

282 2191 334 2236 non
363 2180 472 2255 posset,
509 2175 697 2237 furibundus
728 2175 842 2236 clavam
867 2192 954 2237 suam
978 2173 1093 2253 accipit,
1126 2192 1238 2253 meque
1261 2192 1331 2237 cum

281 2261 322 2325 illa
335 2283 464 2343 querens
487 2264 616 2345 parietes
640 2263 793 2326 interdum
809 2282 845 2326 ac
865 2263 1073 2343 pavimentum
1091 2262 1178 2342 quasi
1195 2262 1331 2343 quodam

280 2352 358 2415 ariete
379 2353 541 2433 quatiebat.
580 2352 639 2415 Sed
657 2371 716 2432 ego
733 2357 805 2415 tunc
827 2352 902 2432 quid
926 2370 1057 2431 agerem,
1081 2369 1146 2431 quo
1170 2352 1331 2431 lugerem?

239 2439 381 2505 inclausa
403 2447 466 2506 erat
489 2441 629 2522 undique
653 2459 742 2504 muro
766 2441 955 2505 solidissimo
979 2442 1100 2519 domus
1130 2459 1186 2503 nec
1208 2441 1333 2503 aliunde

280 2531 329 2593 nisi
350 2552 404 2612 per
425 2533 538 2596 ostium
563 2531 684 2612 patebat
705 2532 812 2595 exitus.
852 2530 913 2594 Sed
937 2534 966 2593 et
983 2531 1057 2593 illud
1075 2531 1212 2594 vectibus
1228 2531 1333 2593 terreis

279 2625 397 2684 seratum
421 2626 492 2685 erat.
539 2621 621 2684 Cum
645 2639 720 2699 ergo
744 2620 794 2683 ille
817 2639 872 2701 per
894 2620 1027 2700 angulos
1050 2619 1164 2682 domus
1189 2638 1237 2682 me
1258 2638 1333 2700 que-

280 2710 365 2773 rendo
387 2711 578 2788 discurreret,
609 2729 669 2789 ego
698 2713 799 2771 autem
830 2709 913 2771 aliud
944 2727 1035 2788 agere
1065 2726 1128 2770 non
1158 2708 1263 2772 valens
1293 2709 1331 2771 ad

279 2801 377 2861 tectum
405 2819 460 2880 per
491 2799 602 2862 scalam
630 2798 762 2876 ascendi,
793 2803 974 2878 arreptaque
1003 2797 1088 2860 trabe
1119 2801 1209 2860 nocte
1231 2803 1260 2861 et
1282 2799 1333 2862 die

239 2890 332 2948 uotota
353 2889 495 2952 manibus
525 2888 644 2964 herens,
676 2887 808 2967 pependi
832 2888 990 2950 deorsum.
1038 2887 1152 2950 Verum
1178 2906 1248 2950 cum
1273 2888 1334 2951 hoc

279 2975 381 3040 diutius
403 2978 482 3040 terre
507 2995 571 3039 non
595 2994 727 3057 possem,
758 2981 880 3039 coactus
910 2994 979 3039 sum
1005 2976 1113 3038 iterum
1138 2975 1332 3055 descendere,

279 3068 303 3125 et
328 3065 491 3147 aliquando
520 3067 598 3128 inter
632 3066 729 3146 ipsius
762 3084 851 3128 curra
880 3065 1021 3144 gigantis,
1055 3065 1224 3146 aliquando
1257 3066 1334 3128 inter

280 3153 372 3217 ovium
405 3173 531 3218 suarum
567 3173 692 3234 gregem
728 3155 910 3218 occultabat.
959 3154 1101 3217 Habebat
1131 3155 1213 3217 enim
1246 3155 1333 3234 gigas

280 3242 352 3306 mille
372 3245 434 3307 tere
450 3263 533 3322 oves,
557 3261 634 3324 quas
650 3262 719 3306 cum
737 3248 911 3306 numeratas
934 3243 1065 3321 cottidie,
1089 3262 1151 3306 una
1174 3244 1332 3324 pinguiori

239 3330 331 3393 msibi
353 3338 470 3411 retenta,
502 3333 541 3395 ad
573 3350 685 3413 pascua
713 3333 884 3410 dimitteret,
916 3351 966 3396 eas
994 3337 1103 3410 tamen,
1136 3333 1240 3395 nescio
1271 3351 1333 3413 qua

281 3423 333 3482 arte
353 3424 396 3484 vel
426 3422 584 3486 maleficiis
615 3423 786 3500 incantatas,
817 3440 887 3485 sero
918 3422 957 3484 de
987 3423 1107 3502 pascuis
1137 3426 1247 3502 sponte
1277 3439 1333 3486 sua

282 3515 447 3575 revertentes
478 3513 597 3591 integro
628 3512 791 3592 recipiebat
819 3529 959 3574 numero.
1009 3511 1073 3574 llas
1103 3511 1179 3574 dum
1209 3512 1333 3575 cottidie

281 3601 458 3665 numerando
497 3602 654 3677 emitteret,
693 3620 753 3680 ego
787 3601 916 3663 evadere
951 3601 1078 3680 cupiens
1114 3601 1193 3680 pelle
1232 3601 1333 3664 arietis

280 3686 374 3752 villosa
404 3710 454 3753 me
476 3689 673 3768 circumdedi,
704 3709 743 3770 ap
758 3689 858 3770 [158⁰]
872 3690 932 3752 tavi
964 3689 1051 3770 capiti
1082 3708 1199 3753 cornua
1226 3691 1332 3770 sicque

239 3779 448 3842 uoexeuntibus
471 3798 522 3841 me
545 3780 664 3842 miscui.
713 3779 811 3842 Porro
835 3797 905 3842 cum
937 3779 995 3842 sub
1025 3798 1118 3841 manu
1144 3780 1333 3843 numerantis

281 3867 425 3947 venissem,
464 3868 515 3931 ille
549 3886 599 3931 me
632 3869 754 3949 palpato
789 3873 821 3930 ut
856 3869 1003 3948 pinguem
1037 3869 1171 3932 retinuit:
1213 3867 1260 3931 De
1295 3873 1332 3947 te,

281 3952 416 4036 inquiens,
455 3975 515 4037 ego
554 3956 647 4020 hodie
684 3963 820 4020 ventrem
859 3976 964 4020 meum
999 3958 1148 4037 saginabo
1184 3957 1331 4020 ieiunum.

280 4041 378 4124 Sicque
399 4047 510 4128 septies
533 4047 592 4110 sub
616 4065 708 4109 manu
726 4048 791 4109 eius
806 4047 886 4125 veni,
910 4047 1083 4127 septiesque
1102 4051 1237 4109 retentus
1252 4063 1331 4126 sum,

281 4136 304 4192 et
329 4139 424 4199 tamen
454 4155 577 4216 semper
608 4154 719 4198 manus
748 4136 813 4198 eius
841 4136 931 4198 evasi.
977 4136 1025 4198 Ad
1050 4139 1219 4198 extremum
1248 4153 1331 4211 vero,

240 4230 341 4284 meum
363 4225 420 4288 sub
443 4242 536 4287 manu
568 4225 633 4288 eius
656 4225 807 4288 venissem
832 4229 861 4286 et
889 4225 939 4287 ille
963 4243 1011 4286 me
1040 4224 1216 4304 palpatums
1240 4223 1331 4284 nimis

303 4339 406 4397 Ulrieh,
427 4345 565 4389 Lateinische
578 4344 713 4389 Novellistilc
731 4345 770 4387 des
784 4314 931 4388 Mittelalters.
1172 4349 1187 4397 8
