3525 5025
822 519 1064 574 -140-

411 692 572 756 duxerunt
619 690 683 761 Rex
705 708 780 755 vero
802 690 887 753 dedit
908 690 1102 768 sentenciam,
1131 694 1164 753 ut
1187 690 1269 753 leoni
1292 689 1416 753 daretur
1436 690 1480 753 ad

356 800 399 846 ano
413 778 637 858 deuorandum,
669 783 699 845 et
725 778 811 861 quod
841 779 946 843 nullus
973 779 1061 843 cibus
1091 779 1173 843 leoni
1196 779 1327 857 daretur,
1357 784 1387 842 et
1409 779 1480 856 hoc,

412 874 445 935 ut
471 888 544 933 eurn
575 868 746 933 deuoraret
793 868 884 932 Miles
913 886 987 931 vero
1017 886 1087 931 cum
1118 868 1156 931 ad
1188 886 1259 932 eum
1292 868 1323 932 in
1354 868 1480 932 foueam
1553 912 1557 921 .

410 963 489 1023 esset
504 958 665 1040 proiectus,
681 958 765 1035 vltra,
781 975 874 1037 quarn
891 957 973 1021 credi
990 961 1096 1038 potest,
1116 957 1217 1021 timuit
1232 958 1482 1038 exspectauitque

412 1049 530 1126 horam,
553 1048 681 1129 quando
703 1047 913 1110 denotaretur.
954 1047 1016 1109 Leo
1040 1064 1110 1109 cum
1135 1064 1206 1109 eum
1229 1045 1366 1122 vidisset,
1389 1064 1481 1127 apro·
1590 1104 1591 1111 ,

411 1136 580 1219 pinquauit,
604 1140 634 1199 et
655 1154 726 1199 curn
750 1135 817 1199 eius
840 1135 983 1199 noticiam
1007 1134 1139 1212 haberet,
1168 1153 1248 1213 eum,
1273 1135 1304 1197 in
1327 1140 1480 1215 quantum
1590 1126 1591 1187 ἶ

356 1244 399 1290 aas
413 1226 519 1307 potuit,
550 1225 680 1307 protexit
707 1243 764 1287 nec
792 1224 870 1287 alios
900 1222 1043 1304 permisit,
1075 1225 1128 1303 qui
1159 1224 1190 1286 in
1221 1224 1313 1287 fouea
1341 1242 1413 1287 cum
1441 1242 1481 1287 eo
1590 1216 1591 1281 l

411 1319 502 1393 erant,
525 1320 558 1377 vt
579 1332 650 1377 eum
673 1313 863 1393 attingerent
911 1313 946 1375 Et
967 1312 1012 1375 sic
1034 1313 1083 1377 leo
1106 1312 1174 1377 sine
1196 1313 1266 1377 cibo
1290 1314 1343 1377 Vll
1369 1313 1482 1377 diebus
1590 1324 1591 1345 ³

412 1404 563 1481 remansit,
585 1409 615 1465 et
638 1402 725 1466 miles
748 1402 861 1467 illesus.
908 1400 971 1471 Rex
994 1419 1064 1464 cum
1089 1402 1149 1465 hoc
1171 1402 1312 1480 audisset,
1336 1402 1482 1465 ammira-

412 1494 501 1557 batur
529 1492 661 1573 lecitque
691 1490 818 1554 militem
847 1491 887 1553 de
918 1490 1009 1554 iouea
1039 1491 1154 1554 extrahi
1187 1496 1216 1554 et
1244 1490 1285 1553 ait
1313 1492 1356 1554 ei:
1401 1492 1483 1557 »Dic
1590 1546 1591 1573 ,

411 1580 513 1658 michi,
536 1580 701 1658 karissime,
725 1579 889 1659 quomodo
905 1583 1003 1660 potest
1018 1581 1125 1643 esse?u
1160 1580 1224 1655 Qui
1240 1581 1293 1643 ait:
1320 1581 1483 1646 „Domine
1590 1620 1591 1665 ;

356 1687 398 1733 ano
414 1670 465 1747 mi,
494 1671 589 1733 sernel
619 1687 675 1751 per
701 1669 811 1733 siluam
844 1669 987 1749 equitaui,
1019 1668 1068 1731 leo
1098 1669 1154 1733 iste
1177 1669 1268 1732 michi
1300 1670 1485 1733 occurrebat
1590 1734 1591 1743 ,

411 1758 625 1835 claudicando,
648 1776 708 1837 ego
724 1775 798 1821 vero
813 1758 935 1838 spinam
959 1758 999 1821 de
1015 1758 1093 1839 pede
1109 1758 1176 1822 eius
1191 1759 1302 1821 extraxi
1320 1763 1350 1821 et
1366 1758 1483 1823 vulnus
1590 1772 1591 1837 g

410 1848 524 1924 sanaui,
548 1853 577 1909 et
592 1847 663 1911 ideo
680 1852 805 1928 propter
820 1846 905 1924 illud,
930 1852 963 1909 ut
985 1846 1086 1924 credo,
1111 1847 1203 1911 miehi
1227 1847 1393 1929 pepercit.u
1431 1847 1485 1910 Ait

411 1954 475 1999 rex:
495 1937 559 2001 „lix
575 1953 639 2016 quo
655 1937 712 2014 leo,
727 1936 840 1999 animal
857 1936 1077 2015 irracionabile,
1093 1936 1148 2000 tibi
1165 1937 1312 2017 parcebat,
1328 1936 1483 2001 ammodo

411 2024 533 2089 studeas
547 2025 639 2088 vitam
656 2030 738 2087 tuam
756 2025 923 2105 corrigere!
963 2026 1032 2089 Tibi
1057 2026 1186 2104 remitto,
1210 2025 1365 2106 quidquid
1382 2044 1483 2106 vsque

356 2131 398 2177 aar
413 2114 474 2179 huc
495 2114 703 2178 commisisti.i
753 2114 805 2177 llle
831 2132 907 2178 vero
936 2115 999 2195 regi
1027 2114 1143 2194 gracias
1174 2116 1234 2195 egit
1262 2119 1291 2177 et
1321 2119 1393 2195 post
1425 2114 1483 2180 lrec

411 2203 502 2266 vitam
526 2220 613 2266 snam
637 2203 768 2266 correxit
790 2203 920 2283 diesque
942 2221 1017 2267 snos
1040 2204 1071 2266 in
1095 2222 1170 2285 pace
1191 2204 1303 2267 finiuit.

758 2398 834 2480 cap.
864 2404 925 2461 162
951 2399 1010 2479 (aa
1036 2400 1130 2479 aaa).

618 2520 662 2576 De
674 2524 832 2590 mercatore,
854 2521 902 2592 qui
918 2520 953 2576 lll
967 2521 1118 2593 sapiencias
1131 2519 1263 2577 vendidit.

504 2659 530 2715 1.
557 2649 760 2714 Domicianus
788 2650 928 2730 regnauit
958 2650 1095 2731 prudens
1122 2648 1210 2712 valde
1237 2667 1273 2712 ac
1295 2667 1350 2729 per
1373 2649 1484 2712 omnia

411 2739 516 2817 iustus,
555 2739 586 2801 in
621 2743 738 2801 tantum
773 2740 859 2819 quod
896 2739 971 2802 nulli
1006 2739 1159 2821 parcebat,
1194 2738 1270 2818 quin
1305 2755 1360 2818 per
1394 2739 1482 2801 uiam

413 2829 528 2892 iusticie
558 2827 718 2891 incederet
764 2828 882 2892 Accidit
911 2829 1015 2906 semel,
1047 2846 1117 2891 cum
1149 2827 1179 2890 in
1214 2844 1319 2890 mensa
1350 2827 1481 2905 sederet,

356 2935 397 2982 oro
413 2918 495 2982 venit
524 2917 650 2997 qnidam
685 2916 781 2980 homo
809 2917 847 2979 ad
876 2918 999 2981 ianuam
1023 2922 1052 2981 et
1082 2916 1222 2998 pulsauit.
1270 2916 1381 2978 ianitor
1403 2934 1482 2980 vero

411 3025 532 3071 causam
550 3005 735 3087 pulsacionis
751 3007 892 3086 quesiuit
916 3006 955 3070 At
979 3007 1041 3071 ille:
1069 3007 1240 3073 ‚tltleroator
1261 3023 1331 3070 sum
1354 3009 1383 3068 et
1406 3022 1481 3068 cum

412 3097 593 3177 imperatore
616 3095 701 3175 loqui
726 3096 845 3173 vellem,
868 3095 942 3175 quia
964 3096 1069 3176 aliquo
1085 3095 1123 3158 ad
1149 3094 1348 3158 uendendum
1377 3093 1482 3158 habeo

412 3203 469 3265 pro
500 3185 624 3248 utilitate
652 3198 734 3247 sua.u
785 3184 897 3248 lanitor
927 3184 983 3248 hec
1009 3184 1138 3247 audiens
1168 3184 1268 3264 ipsum
1302 3183 1480 3246 introduxit

413 3273 499 3336 Dixit
520 3274 547 3337 ei
573 3274 750 3354 imperator:
777 3273 971 3352 „Karissimq
996 3273 1071 3354 quid
1095 3273 1190 3336 habes
1213 3271 1252 3335 ad
1276 3271 1479 3335 uendendum

356 3378 397 3424 aar
414 3380 470 3442 pro
494 3362 616 3425 utilitate
640 3363 748 3425 mea?u
796 3362 836 3425 m
859 3363 923 3426 ille:
950 3363 1115 3439 „Domine
1141 3363 1177 3424 lll
1201 3361 1399 3442 sapiencias.“
1441 3363 1482 3424 nt

412 3451 474 3513 ille:
502 3451 557 3515 „Et
580 3450 742 3531 quomodo
766 3451 934 3530 quamlibet
960 3451 1143 3533 sapienciam
1173 3450 1265 3514 michi
1289 3450 1362 3514 dare
1385 3451 1477 3514 visi‘¹

412 3539 475 3613 Qui
498 3539 550 3602 ait:
585 3538 667 3605 „Pro
697 3541 730 3602 Μ
762 3540 917 3604 florenis.¹¹
966 3540 1029 3615 Qui
1058 3540 1145 3602 dixit:
1187 3541 1244 3605 „Et
1272 3539 1297 3602 si
1326 3539 1481 3620 sapiencie

411 3633 461 3691 tue
485 3628 577 3691 michi
602 3647 666 3692 non
690 3633 828 3709 prosunt,
852 3630 1032 3710 peccuniam
1056 3630 1196 3710 perdo?u
1241 3629 1293 3692 Ait
1315 3631 1480 3693 mercator:

416 3717 579 3790 „Domine
610 3717 636 3780 si
660 3717 812 3799 sapiencie
841 3738 909 3782 mee
944 3719 1034 3783 vobis
1064 3736 1127 3783 non
1156 3718 1314 3795 valuerint,
1345 3717 1481 3782 reddatis

356 3824 397 3870 ooo
414 3807 473 3886 (Bi.
498 3808 580 3887 83r.)
605 3806 697 3870 michi
721 3807 923 3887 sapiencias!u
961 3808 1011 3871 nit
1027 3808 1204 3889 imperator:
1232 3806 1378 3887 „optime
1394 3807 1480 3870 dicis.

413 3895 472 3959 Dic
495 3895 586 3958 michi
611 3896 708 3960 modo
738 3895 914 3976 sapiencias,
945 3915 1022 3977 quas
1052 3897 1185 3960 vendere
1216 3896 1296 3960 visu
1344 3896 1384 3958 nt
1414 3895 1480 3960 ille:

415 3984 579 4062 „Domine
603 3985 702 4065 prima
724 3984 877 4064 sapiencia
900 3991 944 4048 est
967 3986 1034 4049 ista:

545 4076 701 4150 ‘Quidquid
720 4093 794 4149 agas,
813 4078 963 4150 prudenter
980 4094 1048 4149 agas
1066 4081 1092 4135 et
1111 4079 1215 4151 respice
1232 4077 1340 4134 fineml'

411 4162 552 4227 Secunda
573 4163 726 4244 sapiencia
749 4166 806 4225 est:
838 4163 1027 4242 ‘Numquam
1051 4162 1132 4225 viam
1162 4163 1315 4244 publicam
1344 4161 1480 4228 dimittas

356 4268 397 4312 aas
413 4254 536 4330 propter
559 4251 692 4329 aliquam
709 4249 856 4323 semitam,
880 4251 906 4310 si
930 4254 962 4309 tu
986 4249 1090 4325 diligis
1113 4251 1204 4311 vitam
1229 4251 1337 4313 tuaml’
1373 4251 1480 4315 Tereia
