3525 5025
660 515 881 573 ..61-

247 688 412 751 dormiens·
448 690 541 750 Mane
572 705 646 750 vero
679 687 800 750 recessit
829 686 962 749 amasius
995 684 1132 749 mulieris
1161 686 1192 748 in
1221 686 1302 748 viarn

247 795 334 856 suam,
357 778 465 840 marito
489 778 658 856 ignorante,
686 775 758 856 quia
782 776 911 839 dulciter
932 775 992 838 sub
1016 774 1094 837 lecto
1118 775 1208 838 iacuit
1230 775 1302 838 dor-

204 882 236 926 su
249 866 364 929 miendo
386 867 417 928 in
442 866 638 929 stercoribus.
670 865 782 927 Mulier
798 883 871 927 vero
887 864 979 928 iacuit
993 863 1025 925 in
1043 863 1120 927 lecto
1135 864 1302 939 dormiens,

247 960 484 1035 etexperrectus
515 955 641 1017 maritus
671 955 775 1017 bonus
804 954 896 1016 exivit
925 953 965 1015 de
995 952 1105 1015 subtus
1135 954 1246 1016 lectum
1275 957 1304 1015 et

248 1044 352 1106 invenit
374 1062 460 1107 suam
490 1061 619 1107 uxorem
643 1043 774 1107 suaviter
796 1041 1016 1119 dormientem;
1044 1046 1074 1104 et
1096 1042 1175 1122 cepit
1196 1042 1303 1105 sedere

248 1133 274 1194 in
296 1133 382 1196 latere
405 1134 471 1196 eius
495 1137 524 1195 et
546 1133 620 1195 flare
637 1132 791 1195 infaciem
814 1132 879 1195 eius
895 1136 924 1195 et
939 1131 1070 1195 osculari
1086 1135 1115 1193 et
1137 1131 1303 1211 amplexari

248 1240 305 1283 eam
328 1223 428 1287 donec
442 1222 500 1284 tuit
515 1222 649 1285 excitata.
682 1222 718 1284 Et
740 1222 792 1283 ait:
815 1221 928 1284 Anima
952 1239 1020 1283 mea
1043 1219 1213 1300 redemptio
1237 1222 1302 1284 tuat

206 1310 305 1373 aniaoe
326 1315 354 1374 et
376 1310 487 1388 dormi,
511 1311 584 1390 quia
607 1328 671 1373 non
695 1309 865 1373 dormivisti
891 1310 948 1373 hac
971 1313 1067 1387 nocte,
1098 1315 1128 1371 et
1150 1309 1208 1373 nisi
1231 1309 1304 1390 quia

249 1399 325 1462 nolui
354 1401 477 1463 turbare
507 1405 549 1477 te,
584 1400 800 1462 interfecissem
838 1398 945 1479 utique
980 1398 1066 1461 illum
1101 1398 1243 1479 iniquum
1275 1403 1305 1461 et

249 1488 439 1553 reddidissem
463 1493 493 1552 te
516 1488 709 1569 tranquillam
733 1507 770 1551 ex
794 1506 840 1552 eo.

614 1635 663 1694 ra.
703 1629 756 1710 [=
780 1630 809 1693 s.
835 1630 920 1709 aru]

330 1756 447 1818 Dicitur
470 1755 565 1818 fuisse
587 1754 670 1835 apud
702 1754 868 1835 quemdam
899 1754 998 1817 lacum
1029 1754 1087 1831 leo,
1118 1753 1168 1817 cui
1199 1760 1302 1818 natum

250 1847 304 1904 erat
323 1848 480 1924 apostema
503 1844 543 1906 de
566 1862 630 1924 quo
653 1848 832 1906 extenuatus
855 1848 908 1921 est,
937 1848 966 1905 et
989 1842 1020 1905 in
1045 1843 1212 1906 maximum
1237 1863 1304 1925 per-

209 1933 324 1995 asvenit
344 1933 505 2010 defectum,
537 1932 577 1995 ita
604 1936 637 1995 ut
663 1932 767 1995 venari
796 1950 859 1995 non
890 1935 993 2013 posset
1019 1932 1135 2012 aliquid
1164 1951 1222 2013 pro
1250 1951 1305 1997 sua

250 2020 310 2084 vita.
345 2023 415 2085 Erat
436 2027 537 2085 autem
562 2039 631 2085 cum
655 2040 694 2085 eo
710 2020 827 2102 vulpes,
851 2022 940 2084 cuius
955 2021 1053 2083 victus
1067 2026 1131 2084 erat
1147 2021 1304 2085 residuum

251 2108 338 2173 leonis
361 2116 390 2173 et
411 2110 498 2191 quod
522 2110 580 2174 sibi
605 2115 666 2174 erat
689 2110 882 2191 superfluum
908 2114 1072 2191 postquam
1096 2110 1238 2176 comedit.
1270 2113 1306 2174 lit

251 2197 317 2261 facta
345 2204 390 2263 est
420 2201 477 2263 hec
511 2199 653 2279 egritudo
688 2200 787 2263 leonis
820 2199 906 2280 vulpi
940 2199 1030 2262 valde
1064 2200 1202 2277 molesta,
1232 2200 1307 2279 quia

252 2288 380 2353 amiserat
401 2307 501 2352 escam
526 2293 555 2351 ct
577 2288 750 2369 portionem
774 2306 871 2353 snam.
903 2287 1047 2362 Quadam
1067 2306 1141 2351 vero
1163 2288 1215 2352 die
1230 2289 1306 2352 dixit

211 2390 242 2435 uo
254 2377 350 2457 vulpes
366 2378 460 2442 leoni:
486 2378 621 2442 Domine
636 2377 823 2455 animalium,
847 2395 943 2457 quare
958 2376 1050 2440 video
1066 2382 1095 2439 te
1111 2377 1305 2441 macilentum

253 2468 277 2527 et
296 2468 468 2547 perditum?
514 2466 574 2531 Cui
599 2466 758 2548 respondit
781 2465 842 2530 leo:
875 2468 946 2532 tloc
968 2466 1055 2547 qnod
1083 2466 1169 2532 vides
1200 2468 1231 2530 in
1256 2486 1305 2531 me

255 2572 308 2617 non
338 2562 381 2620 est
409 2558 468 2620 nisi
497 2576 534 2619 ex
565 2561 750 2638 apostemate
781 2556 868 2636 quod
899 2556 1015 2620 accedit
1044 2555 1129 2635 milri,
1160 2556 1209 2620 cui
1241 2574 1304 2620 non

256 2642 366 2710 invenio
397 2647 580 2710 medicinam
611 2645 670 2708 nisi
698 2663 768 2709 cum
800 2645 894 2709 corde
916 2649 946 2708 et
974 2645 1119 2708 auriculis
1147 2646 1234 2722 asini,
1264 2651 1305 2722 nt,

256 2731 310 2796 loto
331 2753 398 2798 meo
421 2753 553 2816 corpore
576 2735 655 2797 bene
678 2735 710 2797 in
733 2752 812 2814 aqna
832 2735 956 2812 fluente,
979 2735 1173 2797 comederem
1197 2735 1264 2798 illas
1278 2740 1308 2798 et

215 2825 320 2885 sutum
340 2824 486 2889 reficerer.
533 2824 619 2886 Dixit
640 2825 668 2886 ei
692 2823 812 2904 vulpes:
842 2825 914 2887 l·loc
936 2822 1011 2886 milri
1037 2823 1122 2887 facile
1145 2828 1197 2902 est,
1229 2842 1306 2903 quo

257 2911 327 2973 niam
349 2914 412 2977 scio
443 2931 542 2994 prope
571 2931 628 2976 nos
659 2913 774 2976 fontem
806 2913 844 2976 ad
871 2930 967 2994 quem
999 2911 1077 2976 fullo
1107 2913 1190 2975 venit
1220 2913 1306 2976 omni

256 2997 299 3061 die
318 3002 355 3063 ad
377 3002 606 3066 candidandum
632 3019 759 3083 pannos,
791 3020 896 3065 secum
920 3000 1037 3064 ducens
1066 3001 1187 3064 asinum
1213 3020 1306 3081 quern

257 3086 352 3152 ducam
375 3091 413 3155 ad
437 3095 475 3169 te,
507 3090 597 3153 etde
621 3110 659 3155 eo
682 3090 783 3172 capies
806 3091 892 3171 quod
916 3091 971 3154 vis.
1018 3089 1104 3154 Dixit
1126 3091 1153 3154 ei
1177 3091 1239 3154 leo:
1275 3091 1306 3155 Si

258 3177 322 3240 milri
344 3180 401 3244 hoc
424 3180 540 3259 feceris,
565 3181 620 3243 erit
641 3181 725 3261 apud
750 3198 799 3243 me
823 3181 956 3244 maxima
978 3181 1082 3260 gratia.

218 3278 248 3324 tlt
337 3270 369 3332 Et
390 3270 536 3332 festinans
559 3269 675 3350 vulpes,
698 3270 823 3333 accessit
844 3269 883 3332 ad
908 3269 1011 3332 locum
1031 3269 1085 3332 ubi
1110 3273 1172 3331 erat
1194 3268 1306 3347 asinus,

258 3352 348 3420 dicens
375 3359 416 3423 ei:
456 3357 628 3432 Quomodo
660 3357 752 3422 video
783 3361 812 3421 te
846 3358 1058 3422 defectuosum
1089 3360 1119 3421 et
1148 3359 1307 3421 macrum?

259 3441 309 3506 Cui
332 3447 486 3528 respondit
507 3447 624 3510 asinus:
656 3449 726 3511 l·loc
749 3451 853 3510 estex
876 3448 994 3511 malicia
1018 3447 1078 3511 mei
1102 3447 1230 3528 patroni,
1253 3447 1306 3527 qui

260 3548 300 3594 ne
320 3536 423 3616 affligit
446 3541 476 3599 et
502 3540 604 3598 tenuat
630 3536 720 3599 tame.
768 3537 804 3598 Et
825 3536 867 3598 ait
888 3536 928 3598 ad
951 3555 1022 3599 enm
1050 3536 1172 3616 vulpes:
1203 3535 1308 3609 Quare

260 3618 339 3696 igitur
358 3627 403 3689 vis
426 3643 493 3689 esse
515 3627 641 3688 secum?
674 3626 711 3688 Et
726 3625 885 3705 respondit
904 3626 1020 3689 asinus:
1045 3625 1120 3699 Quo
1139 3625 1226 3688 valeo
1242 3625 1307 3688 ire?

220 3721 250 3768 ru
261 3710 432 3794 ubicumque
456 3714 538 3777 enim
563 3715 627 3777 iero
642 3714 742 3778 simile
759 3715 834 3776 milri
851 3715 1014 3795 continget
1046 3716 1081 3777 Et
1096 3713 1173 3777 dixit
1187 3713 1307 3795 vulpes:

259 3797 326 3862 Veni
345 3822 464 3866 mecum
492 3804 531 3866 ad
556 3802 713 3884 quoddam
745 3821 894 3883 pascuum
923 3804 1051 3881 bonum,
1082 3803 1114 3866 in
1145 3821 1210 3883 quo
1237 3807 1309 3866 sunt

261 3887 340 3954 multe
371 3893 467 3970 asine,
507 3911 563 3956 nec
596 3896 641 3955 est
674 3892 717 3955 ibi
753 3893 890 3973 mugitus
924 3892 1050 3956 leonum
1082 3910 1138 3955 nec
1166 3892 1309 3971 strepitus

261 3973 387 4044 terarum.
427 3983 462 4044 Et
484 3981 613 4044 audiens
637 3982 693 4045 hec
714 3981 828 4059 asinus,
853 3981 966 4061 placuit
987 3981 1046 4045 sibi
1071 3985 1100 4044 et
1122 3979 1211 4043 dixit:
1235 3981 1307 4043 Non

263 4066 349 4130 solum
370 4075 468 4133 lecum
491 4070 573 4134 vado
603 4075 728 4151 propter
749 4071 857 4147 asinas,
885 4071 939 4133 sed
964 4088 1001 4132 ex
1029 4070 1124 4132 nimia
1146 4069 1309 4132 dilectione

223 4161 343 4230 tthuam
366 4159 463 4223 habeo
486 4178 559 4239 erga
581 4164 618 4222 te.
655 4160 691 4221 Et
705 4177 858 4239 exurgens
874 4159 927 4221 ivit
943 4177 1013 4222 cum
1030 4176 1077 4221 eo.
1107 4157 1309 4221 Venientibus

264 4239 313 4305 illis
331 4246 366 4308 ad
389 4248 518 4327 leonem,
542 4249 666 4328 gavisus
689 4253 733 4310 esf
757 4248 818 4326 leo;
841 4265 912 4309 cum
929 4251 1029 4309 autem
1054 4246 1198 4308 invadere
1221 4245 1309 4314 vellet
