3525 5025
849 512 1069 570 ..73-

427 702 491 749 rem
519 681 663 749 ascendit
707 682 792 764 Aper
824 702 899 748 vero
934 684 1045 765 incepit
1077 685 1221 747 arborem
1255 681 1430 758 corrodere,
1457 681 1483 741 in
1580 672 1582 728 1

372 792 414 837 uo
428 778 545 837 tantum
568 771 656 854 quod
680 772 841 836 videbatur
863 773 976 854 pastori
1001 772 1086 853 quod
1109 773 1204 837 arbor
1219 773 1278 836 cito
1294 771 1422 835 caderet
1457 770 1484 830 ln
1580 778 1582 818 ³

425 863 538 927 arbore
558 866 660 927 autem
683 866 747 926 erat
768 862 858 943 oopia
879 862 1005 927 fructus.
1052 863 1159 925 Pastor
1187 861 1353 925 defructu
1377 858 1489 937 collegit

426 957 456 1016 et
476 951 517 1015 ad
539 968 650 1031 aprum
674 950 814 1032 proiecit;
836 969 911 1032 aper
926 970 1000 1015 vero
1017 951 1191 1015 commedit
1228 951 1338 1015 Pastor
1354 948 1490 1012 continue
1580 958 1582 1033 l

428 1040 563 1123 proiecit,
594 1040 634 1103 ita
664 1040 751 1119 quod
780 1058 856 1122 aper
885 1044 931 1105 est
959 1040 1092 1122 repletus
1122 1046 1152 1103 et
1180 1040 1219 1103 ad
1250 1044 1366 1103 terram
1401 1034 1490 1099 iacuit
1580 1040 1582 1083 l

429 1130 500 1193 lios
522 1128 695 1211 percipiens
717 1133 821 1209 pastor
843 1130 989 1210 paulatim
1012 1129 1170 1192 descendit
1193 1134 1223 1192 et
1238 1146 1310 1193 cum
1328 1144 1391 1191 vna
1406 1142 1490 1187 manu
1581 1130 1582 1171 1

373 1236 415 1283 au
428 1236 538 1299 aprum
561 1218 722 1299 scalpebat,
751 1235 823 1281 curn
853 1218 968 1283 aliaue
991 1236 1046 1298 per
1067 1218 1210 1282 arborem
1238 1218 1346 1281 tenuit
1395 1214 1493 1277 Pastor

428 1324 538 1389 aprum
568 1307 600 1370 in
631 1311 748 1370 tantum
779 1306 940 1388 scalpebat,
971 1307 1058 1388 quod
1089 1308 1226 1370 dormire
1255 1306 1381 1388 incepit
1432 1303 1494 1365 lloc

428 1396 538 1461 videns
567 1400 672 1477 pastor
701 1395 818 1476 priuato
846 1396 1002 1461 cultellum
1033 1397 1159 1459 extraxit
1188 1401 1217 1459 et
1244 1413 1358 1477 aprum
1383 1388 1493 1457 occidit

430 1486 466 1549 Et
487 1485 582 1548 tiliam
606 1484 799 1567 imperatoris
827 1485 1028 1566 desponsauit
1057 1490 1085 1549 et
1108 1489 1179 1566 post
1201 1486 1268 1549 eius
1292 1487 1425 1548 mortem
1449 1497 1494 1541 rex

428 1578 474 1638 est
496 1574 599 1639 iactus.

576 1752 688 1832 [Tertia
710 1752 848 1817 narracio
870 1752 955 1816 tercii
979 1751 1126 1833 magistri]
1152 1752 1213 1833 (BL
1239 1753 1357 1831 1503).

916 1871 1009 1945 [Avis]

374 2038 415 2083 rao
520 2021 608 2086 Ciuis
635 2021 762 2101 quidam
790 2026 854 2086 erat
880 2022 912 2084 in
940 2022 1059 2085 ciuitate
1085 2020 1220 2101 [Romal
1251 2022 1305 2101 qui
1337 2015 1491 2102 quandum
1581 2026 1582 2035 ¹

429 2111 529 2193 picam
545 2110 684 2189 habebat,
697 2129 790 2192 quam
807 2112 938 2174 multum
954 2110 1066 2188 dilexit
1084 2111 1115 2174 in
1131 2114 1247 2173 tantum
1264 2110 1354 2191 quod
1370 2101 1493 2186 singulis
1581 2136 1582 2195 q

428 2200 540 2264 diebus
563 2200 701 2281 linguam
725 2201 885 2281 ebraycam
910 2218 976 2264 eam
999 2200 1142 2278 docebat;
1173 2204 1284 2264 ettam
1309 2198 1445 2281 perfecte
1465 2191 1491 2252 in

429 2289 536 2369 lingua
559 2289 610 2352 illa
632 2293 695 2352 erat
717 2288 832 2367 edocta
856 2289 944 2369 quod
967 2289 1039 2352 satis
1061 2294 1164 2370 aperte
1187 2290 1383 2369 loquebatur.
1429 2281 1492 2346 Pia

430 2380 493 2456 ista,
525 2377 679 2459 quidquid
710 2383 827 2459 poterat
856 2378 970 2456 audire,
1001 2377 1113 2456 videre,
1147 2382 1245 2442 tonum
1277 2377 1412 2441 domino
1441 2385 1492 2435 suo
1581 2374 1582 2401 ²

375 2483 416 2531 sau
431 2468 574 2532 narrauit
598 2467 687 2532 Ciuis
703 2485 777 2531 vero
791 2467 947 2548 quendam
964 2469 1159 2532 iuuencutam
1176 2467 1208 2531 in
1223 2485 1352 2531 uxorem
1370 2460 1492 2530 habebat

430 2558 599 2639 pulchram,
622 2557 700 2621 sicut
723 2575 782 2621 uos
804 2557 930 2635 habetis,
954 2575 1016 2637 que
1033 2574 1097 2620 non
1113 2555 1217 2619 dilexit
1238 2557 1382 2619 maritum
1398 2566 1491 2623 suum,

430 2647 582 2727 quianon
600 2650 718 2727 poterat
739 2646 766 2709 ei
791 2646 911 2727 placere
934 2665 989 2727 per
1012 2646 1125 2723 omnia,
1149 2663 1188 2709 eo
1203 2645 1290 2726 quod
1307 2650 1419 2726 potens
1434 2654 1489 2703 nou

430 2742 493 2799 erat
515 2735 653 2799 debitum
677 2736 797 2799 carnale
821 2734 956 2813 reddere,
980 2736 1130 2815 quociens
1146 2734 1275 2798 volebat
1314 2735 1429 2798 Mulier
1443 2729 1491 2791 ista
1581 2749 1582 2756 ¹

429 2825 586 2906 quendam
616 2824 711 2887 aliurn
734 2825 793 2889 sub
825 2825 934 2889 marito
957 2841 1016 2888 suo
1046 2823 1151 2887 dilexit
1179 2827 1208 2886 et
1235 2824 1320 2887 omni
1351 2829 1489 2903 temporo

376 2931 496 2994 unoquo
520 2915 645 2978 maritus
667 2913 706 2976 ad
731 2913 958 2993 negociandum
983 2918 1064 2976 extra
1087 2913 1237 2976 ciuitatem
1262 2918 1410 2994 pergeret,
1438 2913 1490 2970 un
1581 2931 1582 2948 2

430 3004 490 3067 cito
513 3021 571 3085 pro
586 3003 703 3066 amasio
719 3021 777 3067 suo
794 3002 937 3080 mittebat,
961 3007 994 3065 ut
1012 3019 1116 3066 secum
1134 3003 1220 3066 omni
1237 3006 1326 3065 nocte
1341 2997 1491 3065 dormiret.

432 3092 511 3171 Pica,
555 3111 626 3156 cum
658 3093 718 3156 hoc
747 3092 884 3169 vidisset,
925 3095 1024 3155 totum
1055 3092 1086 3154 in
1125 3091 1259 3154 aduentu
1295 3090 1417 3154 domini
1449 3081 1491 3148 sui
1581 3093 1582 3124 ³

431 3182 572 3259 narrauit,
597 3182 761 3244 intantum
779 3181 865 3261 quod
881 3181 963 3244 fama
986 3199 1041 3262 per
1057 3185 1149 3244 totam
1167 3180 1318 3243 ciuitatem
1342 3174 1493 3242 laborabat

431 3271 470 3335 de
485 3271 552 3335 eius
573 3271 733 3335 adulterio.
765 3270 853 3334 Ciuis
867 3288 942 3333 vero
958 3288 1052 3351 super
1067 3271 1128 3333 hoc
1142 3269 1246 3350 sepius
1262 3287 1329 3331 eam
1345 3265 1491 3348 arguebat
1581 3335 1582 3344 ,

376 3378 417 3422 aas
433 3360 484 3423 1113
499 3379 574 3424 vero
590 3360 763 3443 respondit:
790 3361 855 3425 „Tu
872 3359 972 3423 credis
995 3360 1062 3439 pice
1082 3363 1132 3422 tue
1155 3358 1327 3435 maledicte;
1350 3352 1492 3438 quamdiu

290 3498 299 3517 .
431 3449 499 3530 pica
521 3453 573 3514 tua
595 3451 678 3529 viuit,
709 3468 831 3531 semper
857 3448 1012 3512 discordia
1040 3449 1117 3511 inter
1145 3465 1203 3511 nos
1226 3448 1309 3510 erim
1359 3447 1422 3521 Qui
1446 3441 1490 3506 ait:

435 3538 600 3618 „Domina
624 3540 692 3621 pica
714 3540 809 3603 nescit
832 3538 966 3616 mentiri;
990 3538 1043 3601 sed
1067 3537 1146 3600 sicut
1167 3536 1250 3600 videt
1272 3541 1301 3599 et
1323 3535 1415 3614 audit,
1441 3535 1493 3598 hoc

432 3628 525 3691 michi
549 3633 657 3692 narrat.
698 3628 733 3690 Et
756 3628 827 3692 idco
851 3629 949 3708 magis
972 3627 1000 3690 ei
1024 3626 1117 3690 credo
1141 3644 1233 3706 quam
1258 3625 1341 3688 tibi.u
1382 3620 1494 3688 Accidit

430 3717 526 3781 semel
550 3718 636 3797 quod
660 3718 737 3782 ciuis
759 3720 798 3781 ad
822 3721 922 3799 partes
945 3717 1131 3796 longinquas
1155 3715 1286 3796 perrexit
1309 3732 1366 3794 pro
1387 3728 1492 3776 merca-

377 3821 418 3866 rro
433 3805 576 3869 cionibus
607 3807 826 3887 perpetrandis.
882 3807 934 3869 1113
963 3806 1061 3870 statim
1098 3805 1245 3869 nuncium
1280 3803 1319 3864 ad
1349 3803 1491 3866 amasium

432 3893 603 3969 destinauit,
634 3898 665 3956 vt
695 3896 762 3958 sine
791 3896 851 3976 (BL
878 3896 984 3976 1503)
1016 3895 1150 3959 ulteriori
1181 3893 1332 3956 dilacione
1362 3891 1400 3972 ad
1432 3905 1492 3954 earn
1581 3897 1582 3904 ’

432 3981 556 4044 veniret
589 3981 640 4044 llle
656 4000 730 4045 vero
745 4001 846 4064 usque
861 3983 900 4046 ad
917 3988 1037 4047 noctem
1055 3983 1177 4062 distulit,
1203 4000 1241 4045 ne
1264 3982 1303 4045 ab
1320 3980 1493 4044 hominibus
1581 4025 1582 4028 ,

432 4068 594 4132 videretur.
641 4068 722 4132 Cum
754 4088 818 4134 nox
848 4071 980 4150 adesset,
1019 4072 1058 4134 ad
1088 4090 1236 4135 cameram
1268 4069 1381 4132 amasie
1410 4069 1491 4142 venit

431 4158 471 4222 ad
500 4162 618 4238 portam
650 4157 798 4237 pulsabat.
844 4159 940 4222 Adest
970 4160 1020 4222 illa
1052 4165 1153 4240 parata
1184 4165 1213 4222 et
1241 4161 1293 4222 ait:
1331 4158 1493 4223 „Audacter

378 4265 419 4310 ros
434 4248 524 4311 intra!
572 4247 674 4307 Nemo
696 4249 725 4305 te
748 4244 857 4276 ”id-‘a
908 4245 971 4312 Qui
994 4248 1047 4306 ait:
1075 4247 1165 4308 „Pica
1188 4247 1238 4307 illa
1262 4246 1420 4309 maledicta
1443 4262 1492 4309 nos
