3525 5025
695 483 934 543 —135—

297 658 402 735 expelli.
447 657 499 719 llle
530 674 605 719 vero
635 656 679 719 sic
709 656 879 736 flagellatus
902 661 931 720 et
958 658 1103 738 expulsus
1133 658 1218 721 ileuit
1246 676 1347 723 amare

297 750 322 808 et
340 746 387 807 ait:
419 746 469 811 ,Ο
494 745 572 808 deus
595 763 691 822 meus,
722 746 882 825 quidhoc
910 764 975 809 esse
1003 751 1109 827 potest,
1141 748 1226 826 quod
1251 748 1346 826 miles,

298 853 379 913 quem
407 834 446 896 ad
477 834 621 897 miliciam
653 835 806 914 promoui,
841 836 983 899 noticiam
1015 837 1074 898 mei
1106 854 1169 900 non
1199 837 1291 900 habet
1319 841 1348 900 et

244 938 358 985 rancum
381 924 440 987 hoc
462 943 513 986 me
535 923 669 1003 grauiter
691 924 883 987 uerberauit?
930 924 990 988 Hic
1020 942 1116 1005 prope
1146 930 1191 989 est
1220 925 1346 1005 quidam

296 1013 351 1074 dux
371 1012 563 1076 consiliarius
586 1031 682 1076 meus.
728 1012 777 1076 nd
806 1031 877 1076 eum
909 1031 1033 1094 pergam
1065 1019 1094 1076 et
1124 1016 1345 1078 neccessitatem

295 1120 383 1164 meam
406 1102 433 1164 ei
457 1100 631 1178 ostendam;
655 1119 710 1181 per
732 1120 824 1182 quem
849 1106 957 1182 potero
975 1102 1062 1165 indui
1083 1107 1113 1166 et
1133 1103 1172 1166 ad
1196 1104 1345 1183 palacium

295 1209 387 1253 meurn
421 1205 577 1271 pergeret
634 1190 715 1253 Cum
748 1209 821 1254 vero
855 1191 894 1253 ad
930 1191 1050 1253 ianuam
1086 1191 1173 1255 ducis
1207 1192 1346 1271 venisset,

295 1280 430 1359 pulsabat
500 1279 612 1342 lanitor
648 1279 778 1342 audiens
816 1280 1023 1360 pulsacionem
1066 1281 1178 1344 ostium
1215 1282 1345 1363 aperuit,

244 1369 347 1446 ran(Bl
370 1370 454 1447 64v.)
479 1373 601 1431 etcum
633 1368 790 1432 hominem
819 1367 938 1431 nudum
967 1368 1099 1446 vidisset,
1129 1370 1347 1435 ammirabatur

294 1461 319 1519 et
336 1458 386 1519 ait:
412 1457 513 1531 „Quis
536 1474 569 1520 es
591 1461 623 1519 tu
647 1461 676 1519 et
698 1476 792 1537 quare
814 1458 859 1521 sic
881 1458 1010 1521 totaliter
1032 1459 1136 1521 nudus
1151 1458 1342 1523 aduenisti?‘⁴

292 1546 327 1608 At
346 1546 407 1609 ille:
442 1546 552 1624 „Rogo
575 1551 612 1623 te,
642 1546 689 1609 iac
712 1546 875 1626 negocium
903 1564 1008 1609 meum
1038 1566 1108 1610 curn
1139 1548 1231 1610 duce!
1281 1549 1345 1628 Ego

293 1652 354 1696 sum
376 1636 541 1716 imperator
571 1639 639 1696 eta
666 1654 737 1699 casu
765 1636 943 1698 vestimenta
973 1640 1002 1698 et
1033 1654 1144 1715 equum
1175 1637 1346 1717 perdidici

294 1724 357 1786 ideo
378 1725 416 1787 ad
440 1743 512 1786 eum
536 1724 615 1800 veni,
647 1729 679 1786 ut
703 1724 794 1787 michi
825 1725 856 1787 in
885 1725 941 1787 hac
965 1725 1138 1788 necessitate
1161 1730 1342 1789 succurrat.¹¹

245 1813 397 1876 rutaniror
426 1832 495 1875 curn
528 1813 621 1876 verba
647 1813 714 1876 eius
741 1814 882 1892 audisset,
913 1814 1138 1892 ammirabatur‚
1169 1815 1291 1878 intrauit
1317 1820 1347 1878 et

292 1901 413 1965 domino
443 1920 502 1965 suo
531 1902 740 1980 annunciauit,
777 1902 863 1981 quod
894 1902 1020 1981 quidam
1053 1903 1148 1967 homo
1180 1903 1283 1967 nudus
1314 1904 1344 1967 in

292 1996 370 2069 porta
392 1998 478 2068 esset,
509 1991 563 2071 qui
591 1990 703 2053 diceret
732 2009 765 2054 se
788 1992 1001 2071 imperatorem
1033 2009 1099 2055 esse
1129 1996 1158 2055 et
1188 1992 1344 2056 introitum

292 2084 402 2158 peteret
448 2080 498 2142 nir
521 2080 598 2144 dux:
633 2079 723 2145 „cito
746 2099 817 2168 eum
842 2080 992 2156 introduc,
1023 2085 1056 2144 ut
1077 2080 1244 2158 videamus,
1276 2082 1345 2161 quis

290 2169 331 2246 sit,
353 2170 406 2249 qui
430 2170 579 2250 presumit
600 2187 633 2231 se
657 2168 870 2249 imperatorem
895 2170 1088 2232 nominare!u
1138 2170 1250 2233 ianitor
1272 2188 1345 2234 vero

244 2258 417 2321 ruhostium
449 2258 568 2339 aperuit
600 2276 635 2320 ac
665 2257 840 2322 introduxit.
887 2259 1053 2338 imperator
1082 2259 1223 2322 noticiam
1259 2260 1346 2323 ducis

290 2348 453 2428 peroptime
476 2347 614 2423 habebat,
637 2346 692 2409 sed
717 2347 766 2410 ille
790 2347 856 2410 eius
879 2348 1022 2411 noticiam
1047 2348 1077 2409 in
1103 2348 1198 2411 nullo.
1245 2348 1295 2410 llit
1318 2349 1344 2411 ei

289 2436 357 2498 dux:
384 2435 485 2510 „Quis
499 2453 533 2498 es
547 2438 621 2499 tu?¹¹
665 2437 700 2498 Et
723 2436 786 2499 ille:
813 2436 899 2517 „Ego
922 2454 991 2500 sum
1017 2437 1181 2517 imperator
1203 2441 1233 2499 et
1254 2441 1283 2499 te
1305 2436 1344 2499 ad

288 2527 417 2590 honores
439 2530 469 2588 et
490 2525 530 2588 ad
553 2525 697 2588 ducatum
719 2527 863 2606 promoui
880 2532 909 2588 et
924 2525 1131 2589 consiliarium
1148 2544 1251 2590 meum
1269 2527 1346 2590 inter

287 2615 357 2679 alios
380 2615 552 2678 constituit
599 2615 650 2678 nrt
672 2614 748 2677 dux:
781 2615 919 2680 „lusanis
950 2614 1048 2692 miser,
1080 2633 1187 2696 parum
1218 2620 1287 2678 ante
1317 2621 1345 2678 le

244 2717 276 2762 ru
288 2704 401 2784 perrexi
432 2722 503 2767 cum
534 2704 665 2767 domino
695 2722 765 2767 meo
796 2705 978 2785 imperatore
1007 2721 1113 2766 versus
1143 2704 1292 2784 palacium
1317 2710 1345 2767 et

285 2811 423 2857 reuersus
446 2811 515 2856 sum
522 2814 529 2870 ;
544 2819 549 2828 ·
562 2797 591 2855 et
614 2793 686 2872 quia
708 2793 798 2857 talem
829 2792 960 2873 gradum
984 2792 1038 2854 tibi
1070 2793 1258 2874 apropriasti,
1290 2793 1344 2855 irn-

176 2878 178 2947 Ϊ
284 2901 362 2961 pune
385 2901 450 2946 non
474 2882 645 2946 transibist
691 2882 772 2945 Fecit
793 2899 863 2944 eum
890 2881 1067 2945 incarcerari
1091 2887 1120 2944 et
1148 2899 1203 2961 per
1224 2882 1345 2961 aliquos

283 2971 345 3034 dies
380 2989 460 3052 pane
492 2975 520 3034 et
553 2989 635 3050 aqua
667 2971 836 3034 sustentari.
891 2971 1013 3033 Deinde
1048 2970 1087 3033 de
1121 2989 1238 3033 carcere
1273 2989 1343 3034 eum

176 3066 178 3141 ζ
283 3061 406 3123 extraxit
428 3064 458 3122 et
479 3078 577 3139 vsque
600 3059 639 3122 ad
663 3059 847 3122 eliusionem
866 3059 1025 3139 sanguinis
1041 3060 1163 3139 egregie
1186 3059 1345 3122 verberare

176 3154 178 3227 ᾗ
242 3161 351 3211 runcum
374 3149 446 3212 fecit
468 3154 497 3211 et
519 3149 558 3211 ab
589 3148 655 3211 eius
681 3153 759 3211 terra
789 3167 860 3212 eum
892 3147 1009 3212 deiecit.
1057 3148 1181 3212 illesic
1211 3148 1345 3212 deiectus

176 3238 178 3255 '
282 3238 361 3316 vltra,
393 3256 487 3317 quarn
515 3237 598 3300 credi
626 3241 731 3318 potest,
762 3238 896 3318 gemitus
918 3241 948 3299 et
976 3237 1107 3317 suspiria
1137 3237 1290 3300 emittebat
1317 3243 1346 3300 et

282 3328 320 3391 ait
341 3328 419 3389 intra
442 3344 488 3389 se:
522 3328 613 3391 „Heu
645 3327 750 3389 michi!
798 3326 884 3401 Quid
908 3326 1038 3389 faciam?
1084 3325 1243 3389 Confusus
1265 3345 1344 3388 sum.

284 3416 354 3478 Sum
379 3417 462 3478 enirn
487 3415 691 3496 opprobrium
709 3416 872 3478 hominum
889 3415 1066 3478 etabieccio
1091 3415 1197 3496 piebis.
1233 3415 1345 3478 Melius

284 3509 326 3567 est
356 3505 450 3568 michi
481 3504 520 3566 ad
552 3504 700 3585 palacium
732 3523 835 3568 meum
868 3523 1007 3584 pergere,
1043 3508 1072 3566 et
1102 3505 1161 3567 mci
1192 3504 1231 3567 de
1262 3505 1344 3566 curia

241 3606 272 3653 nr
285 3594 423 3658 noticiam
449 3594 508 3656 mei
532 3594 697 3656 habebunt
743 3593 774 3656 Si
804 3611 866 3656 non
896 3594 947 3669 illi,
978 3593 1082 3656 saltem
1114 3593 1240 3657 domina
1268 3611 1344 3656 vxor

284 3701 346 3746 mea
370 3683 514 3746 noticiam
538 3682 598 3745 mei
622 3682 746 3745 habebit
762 3701 816 3763 per
831 3687 910 3746 certa
933 3683 1049 3761 signat
1091 3682 1183 3746 Solus
1197 3682 1236 3744 ad
1253 3681 1344 3762 palla-

283 3772 360 3834 cium
384 3771 514 3835 totaliter
543 3770 647 3834 nudus
673 3772 805 3849 accessit
835 3771 874 3833 ad
899 3771 1020 3833 ianuam
1044 3771 1185 3852 pulsauit.
1233 3770 1345 3833 Audita

284 3861 458 3939 pulsacione
488 3860 599 3923 ianitor
629 3860 751 3923 ianuam
781 3861 929 3941 apperuit.
975 3860 1079 3934 Quem
1110 3878 1180 3923 curn
1211 3860 1343 3936 vidisset,

284 3950 331 4012 ait:
369 3949 452 4016 „Dic
480 3949 582 4025 michi,
618 3949 687 4028 quis
717 3967 750 4012 es
780 3951 853 4012 tu?u
904 3951 940 4011 Et
966 3949 1029 4012 ille:
1067 3948 1248 4027 „Numquid
1279 3965 1342 4011 non

240 4041 377 4102 runostis
417 4040 507 4101 me?¹⁴
556 4037 620 4112 Qui
655 4039 706 4101 ait:
748 4041 800 4103 „ln
834 4037 949 4101 nullo.u
997 4037 1036 4099 llt
1074 4037 1136 4099 illc:
1177 4037 1246 4102 „De
1285 4037 1344 4100 hoc

283 4129 434 4204 ammiror,
468 4127 541 4206 quia
574 4131 676 4206 portas
708 4145 791 4190 meas
820 4131 945 4190 vestes.¹‘
994 4126 1058 4200 Qui
1086 4127 1139 4188 ait:
1177 4125 1343 4203 „Mentiris

283 4217 351 4296 quia
373 4220 473 4280 vestes
495 4215 615 4278 domini
639 4217 698 4279 mei
723 4217 915 4296 imperatoris
937 4219 1056 4296 porto.u
1106 4215 1141 4276 Et
1163 4214 1226 4277 ille:
1257 4251 1270 4278 η
1278 4215 1343 4295 Ego
