3525 5025
877 504 1098 561 „30-

453 680 552 739 totum
581 692 698 739 annum
726 680 787 739 tam
814 692 925 739 amena
953 693 1016 739 nox
1044 675 1122 741 sicut
1145 672 1205 759 (Bl.
1233 676 1339 757 151τ.)
1364 677 1420 753 isla,
1452 675 1515 739 sine

453 764 540 829 omni
557 763 664 845 pluuia
677 782 714 827 ac
727 764 908 845 grandine*
943 763 1039 842 Ciuis,
1062 783 1133 828 cum
1150 765 1210 828 hoc
1225 765 1367 843 audisset,
1389 765 1515 829 domum

453 870 540 917 suam
565 852 688 917 intrauit
710 857 740 917 et
760 853 814 917 ait:
847 853 1014 931 „Domina
1046 854 1124 917 sicut
1145 859 1178 916 tu
1202 854 1296 917 michi
1321 854 1451 931 retulisti,
1480 854 1517 915 ita

399 958 441 1007 ato
455 942 562 1006 dicunt
590 941 681 1005 vicini
714 942 774 1005 mei
803 941 890 1022 quod
922 960 978 1023 per
1006 947 1103 1006 totum
1134 960 1250 1005 annum
1282 960 1346 1006 non
1368 946 1426 1005 erat
1457 946 1515 1005 tam

453 1049 563 1095 amena
585 1047 648 1095 nox
674 1030 753 1095 sicut
782 1036 870 1095 nocte
901 1032 986 1095 ista.⁴⁴
1036 1030 1109 1105 Que
1130 1031 1183 1094 ait:
1219 1031 1270 1097 „0
1292 1032 1424 1111 domine,
1458 1032 1515 1093 iam

453 1120 526 1185 satis
547 1124 649 1201 aperte
679 1120 870 1201 perpendere
898 1121 1023 1201 potestis
1052 1121 1139 1202 quod
1171 1119 1304 1184 mendax
1333 1125 1377 1185 est
1402 1124 1430 1183 et
1457 1120 1517 1182 dis-

454 1208 592 1273 cordiam
615 1208 694 1271 inter
716 1226 776 1272 nos
798 1208 876 1273 tecit
924 1210 959 1273 Εί
987 1228 1041 1290 ρετ
1068 1228 1135 1273 eam
1164 1228 1220 1290 per
1249 1214 1342 1273 totam
1371 1210 1515 1274 civitatem

455 1316 524 1362 sum
540 1296 724 1360 diffamata.t
762 1296 852 1361 Ciuis
867 1298 999 1379 perrexit
1020 1298 1058 1361 ad
1084 1299 1182 1380 picam
1207 1304 1236 1361 et
1257 1299 1299 1361 ait
1320 1299 1361 1362 ei:
1388 1300 1517 1366 „Nonne

399 1404 441 1451 aso
456 1386 590 1469 propriis
627 1386 772 1450 manibus
808 1386 940 1467 singulis
975 1387 1086 1451 diebus
1116 1389 1277 1469 pascebam
1310 1390 1361 1451 te?
1418 1390 1453 1451 Et
1486 1391 1515 1449 tu

456 1475 613 1539 mendacia
634 1474 714 1539 inter
736 1494 786 1539 me
809 1480 838 1540 et
859 1494 987 1541 uxorem
1012 1477 1148 1558 posuisti,
1173 1478 1204 1539 in
1221 1481 1336 1540 tantum
1361 1476 1446 1557 quod
1466 1493 1518 1557 per

455 1564 614 1628 mendacia
636 1567 688 1627 tua
710 1582 788 1628 vxor
810 1583 878 1628 mea
901 1584 957 1646 per
978 1569 1070 1629 totam
1095 1566 1244 1629 civitatem
1261 1570 1307 1629 est
1321 1566 1513 1629 diilamata?u

453 1654 504 1716 Ait
519 1654 599 1735 pica:
625 1653 742 1718 „Nouit
755 1653 833 1717 deus
853 1653 940 1735 quod
965 1654 1070 1719 nescio
1094 1655 1213 1718 mentiri
1220 1677 1227 1732 ;
1251 1655 1305 1718 sed
1322 1655 1400 1718 sicut
1414 1652 1515 1719 audiui

454 1749 484 1805 et
506 1742 578 1821 vidi,
602 1742 646 1807 sic
668 1741 723 1805 tibi
747 1742 869 1807 retuli!u
919 1742 958 1806 m
982 1743 1047 1807 ille:
1074 1744 1250 1809 „Mentirisl
1290 1744 1404 1807 Nonne
1427 1741 1514 1806 michi

399 1831 557 1897 condixisti
585 1830 671 1911 quod
700 1836 789 1896 nocte
820 1832 874 1895 ista
899 1832 1028 1895 tuissent
1054 1832 1183 1912 grando,
1213 1833 1265 1895 nix
1286 1838 1316 1897 et
1344 1833 1457 1915 pluuia,
1487 1832 1514 1892 in

454 1924 570 1985 tantum
605 1920 692 2001 quod
727 1919 791 1985 tere
821 1920 912 1984 vitam
945 1925 1028 1983 tuam
1058 1922 1208 1985 amisisti?
1259 1921 1341 1984 Cum
1372 1926 1471 1985 tamen
1499 1938 1515 1981 a

454 2009 563 2073 vicinis
593 2009 678 2087 meis,
714 2010 768 2089 qui
799 2013 828 2073 te
857 2009 999 2089 diligunt,
1030 2010 1185 2073 veritatem
1217 2011 1338 2091 quesiui
1370 2015 1514 2075 ettotam

454 2098 632 2180 oppositum
650 2097 743 2161 michi
759 2097 914 2177 dixemnt;
939 2099 1044 2176 immo,
1068 2099 1155 2179 quod
1180 2101 1249 2181 plus
1273 2105 1324 2179 est,
1349 2119 1403 2181 ρετ
1424 2105 1513 2164 totum

454 2206 571 2252 annum
595 2205 658 2250 non
683 2191 746 2250 erat
767 2205 831 2251 nox
853 2192 914 2250 tam
930 2206 1039 2252 amena
1061 2188 1139 2251 sicut
1154 2193 1242 2252 nocte
1266 2190 1329 2252 ista
1364 2187 1514 2252 Ammodo

399 2295 441 2341 noo
456 2276 525 2340 talia
554 2276 713 2340 mendacia
743 2294 800 2340 nec
828 2276 1015 2340 discordiam
1048 2278 1126 2341 inter
1158 2296 1208 2341 me
1238 2283 1267 2340 et
1298 2295 1426 2342 vxorem
1457 2293 1514 2341 non

454 2366 573 2429 iacies.u
623 2365 726 2428 Picam
749 2366 865 2446 accepit
887 2370 917 2428 et
946 2373 1036 2446 caput
1068 2367 1133 2429 eius
1164 2366 1204 2430 de
1230 2385 1361 2447 corpore
1389 2366 1513 2431 extraxit
1571 2434 1572 2453 ἶ

456 2454 604 2533 Domina,
636 2472 706 2518 cum
738 2455 798 2519 hoe
827 2454 964 2533 vidisset,
995 2456 1101 2536 ganisa
1131 2458 1176 2520 est
1205 2456 1294 2520 valde
1324 2460 1353 2520 et
1381 2457 1437 2520 ait:
1470 2452 1514 2522 „0
1571 2454 1572 2478 ¹

454 2543 589 2622 domine,
606 2545 754 2626 optimam
770 2563 836 2608 rem
852 2545 961 2624 fecisti;
986 2546 1046 2608 iam
1063 2546 1233 2626 poterimus
1249 2546 1279 2608 in
1297 2564 1370 2626 pace
1386 2547 1511 2610 viuere.t

454 2633 537 2697 Cum
561 2652 634 2697 vero
658 2634 756 2714 picam
781 2634 949 2711 occidisset,
974 2634 1105 2715 respexit
1118 2651 1219 2714 supra,
1243 2635 1320 2698 vidit
1339 2635 1370 2697 in
1395 2633 1515 2699 summi-

400 2741 441 2787 mo
455 2727 513 2786 tate
535 2721 649 2786 domus
671 2723 811 2786 foramen
835 2728 865 2786 et
887 2724 1007 2802 scalam,
1031 2742 1085 2805 per
1109 2741 1202 2803 quam
1218 2724 1425 2788 ascendebant
1446 2739 1515 2788 vxor

455 2817 484 2874 et
505 2811 623 2874 ancilla
668 2811 904 2891 Ammirabatur,
933 2830 1028 2892 quare
1051 2812 1130 2876 scala
1144 2805 1269 2877 'ibidem
1295 2813 1394 2894 posita
1417 2814 1515 2878 fuisset

455 2905 483 2964 et
505 2901 668 2981 quomodo
691 2900 830 2965 foramen
861 2903 973 2965 tactum
1004 2901 1119 2966 fuisset.
1167 2901 1272 2966 Statim
1305 2921 1360 2982 per
1392 2903 1513 2966 eandem

454 2991 564 3053 scalam
588 2988 725 3054 ascendit
747 2994 776 3053 et
798 3008 891 3071 supra
914 2995 1025 3054 tectum
1050 3009 1103 3054 vas
1125 3008 1206 3070 aque
1221 2991 1347 3072 plenum
1364 2996 1394 3054 et
1409 3006 1515 3073 paruos

455 3079 576 3159 lapillos
591 3097 626 3143 ac
642 3080 786 3142 harenam
804 3080 896 3142 maris
912 3079 1038 3143 inuenit
1071 3079 1167 3157 Ciuis,
1182 3098 1254 3143 cum
1272 3082 1330 3144 hoc
1347 3081 1514 3154 inuenisset

401 3185 442 3232 mn
458 3168 596 3231 fraudem
620 3168 724 3232 vxoris
752 3185 807 3232 sue
835 3169 989 3248 cognouit,
1022 3169 1184 3249 quomodo
1213 3170 1312 3250 picam
1341 3188 1411 3232 cum
1434 3185 1514 3251 aqua

456 3256 610 3338 lapidibus
633 3261 661 3320 et
692 3258 804 3321 harena
835 3257 927 3321 maris
956 3276 1010 3338 per
1038 3261 1130 3320 totam
1163 3263 1283 3322 noctem
1308 3259 1514 3332 contuderunt

454 3365 599 3427 perque
626 3347 692 3427 pica
722 3346 851 3410 credidit
880 3348 968 3428 quod
999 3346 1105 3427 pluuia
1136 3353 1164 3410 et
1192 3347 1313 3427 grando
1341 3352 1427 3412 esset
1474 3347 1514 3410 De

454 3435 534 3498 scala
564 3435 721 3499 descendit
752 3439 781 3498 et
810 3454 886 3500 voce
915 3436 973 3499 alta
1002 3436 1155 3499 clamauit:
1190 3437 1281 3502 „Heu
1313 3437 1414 3514 michi,
1445 3435 1513 3499 heu!

455 3528 581 3606 propter
611 3525 740 3588 verbum
771 3524 875 3588 uxoris
906 3543 973 3588 mee
1004 3526 1118 3589 bonam
1152 3526 1251 3606 picam
1284 3544 1383 3588 meam
1415 3523 1513 3600 occidi,

400 3629 442 3676 mo
456 3631 518 3693 que
533 3616 595 3676 erat
606 3618 703 3676 totum
716 3614 862 3678 solacium
877 3632 981 3678 meum
994 3618 1023 3678 et
1034 3615 1188 3678 veritatem
1199 3615 1275 3677 dixit
1291 3615 1321 3677 in
1338 3615 1512 3679 omnibusu

455 3701 559 3765 Statim
584 3722 639 3784 pre
654 3703 764 3767 dolore
787 3703 922 3766 lanceam
939 3721 1025 3767 suam
1046 3703 1077 3765 in
1094 3703 1151 3768 ,lll.
1169 3709 1268 3785 partes
1283 3704 1385 3783 tregit;
1410 3703 1513 3776 omnia,

454 3809 516 3870 que
539 3791 653 3870 habuit,
677 3791 815 3856 vendidit
838 3797 867 3855 et
888 3793 928 3854 ad
951 3797 1060 3856 terram
1081 3796 1214 3855 sanctam
1239 3793 1369 3873 perrexit
1392 3799 1420 3856 et
1443 3809 1513 3856 nun·

454 3896 547 3956 quam
572 3879 610 3941 ad
634 3899 761 3943 vxorem
788 3886 834 3944 est
856 3899 1006 3946 reuersus

544 3968 632 4031 Tunc
654 3969 695 4030 ait
710 3969 854 4049 magister
870 3968 1057 4050 imperatori:
1086 3968 1251 4048 „Domine
1276 3969 1445 4034 intellexisti
1461 3984 1512 4048 que

400 4055 561 4119 annixu«
602 4056 642 4116 m
664 4056 727 4115 ille:
754 4057 885 4126 olidam,
909 4057 1106 4132 peroptime.¹¹
1149 4057 1212 4129 Qui
1235 4059 1289 4120 ait:
1317 4059 1450 4122 „Nonne
1470 4057 1512 4120 illa

455 4141 512 4201 luit
534 4139 699 4211 maledicta,
724 4156 785 4213 que
807 4139 852 4197 sic
874 4139 972 4212 picam
993 4141 1090 4198 occidi
1108 4141 1218 4204 fecerat
1241 4162 1296 4222 per
1320 4146 1509 4208 mendacia?“

453 4225 494 4286 At
516 4222 578 4283 ille:
612 4221 743 4292 „liciam
774 4223 835 4278 tota
863 4219 954 4292 plena
981 4222 1262 4304 maledictionibus;
1294 4232 1427 4295 multum
1456 4234 1513 4314 pice
