3525 5025
850 498 1071 555 ..64-

374 688 414 733 uo
428 670 530 733 tulisti.
578 671 614 733 Et
640 670 714 733 abiit
741 669 956 749 unusquisque
983 668 1014 731 in
1038 668 1119 731 viam
1142 686 1240 731 suam.
1287 669 1398 733 Postea
1419 689 1496 733 vero

429 759 531 822 iniecit
553 759 658 822 funem
683 763 717 821 ut
739 757 880 821 educeret
902 756 1069 835 aurificem,
1093 776 1157 820 non
1174 776 1284 821 curans
1298 759 1338 821 de
1353 776 1391 821 eo
1407 759 1496 839 quod

428 848 570 911 dixerunt
581 848 608 910 ei
622 848 672 910 illa
683 847 833 925 animalia,
857 851 886 909 et
897 846 1003 909 eduxit
1013 865 1085 909 eum
1098 847 1138 909 de
1148 847 1244 910 lovea.
1262 848 1379 911 Etcum
1392 848 1496 929 ipsum

429 936 591 1014 eduxisset,
616 938 799 1017 regraciatus
821 940 866 998 est
888 936 915 997 ei
933 940 962 999 et
976 936 1017 998 ait
1039 935 1096 997 illi:
1119 936 1167 999 Tu
1188 937 1351 999 maximam
1368 939 1496 1016 gratiam

429 1026 504 1089 mibi
517 1027 669 1089 contulisti
684 1043 742 1106 pro
755 1043 816 1105 qua
828 1030 935 1087 teneor
945 1025 1000 1087 tibi
1013 1042 1216 1103 remunerare,
1229 1025 1315 1105 quod
1328 1026 1354 1088 si
1366 1026 1498 1106 placeret

375 1132 415 1177 us
430 1115 491 1178 deo
513 1118 542 1178 te
564 1116 691 1178 transire
714 1133 770 1195 per
791 1118 900 1177 terram
925 1131 1017 1193 quam
1036 1113 1091 1177 tibi
1107 1119 1137 1176 et
1150 1114 1293 1177 animalia
1315 1115 1496 1193 indicarunt,

429 1223 499 1266 cum
517 1204 632 1267 ibidem
649 1204 688 1267 sit
703 1222 806 1266 meum
824 1202 1039 1281 habitaculum,
1063 1203 1267 1266 remunerabo
1290 1208 1319 1266 te
1339 1203 1378 1267 de
1401 1205 1498 1284 gratia

429 1312 522 1373 quam
545 1293 640 1356 fecisti
666 1292 750 1355 mihi.
787 1293 822 1354 Et
844 1291 919 1355 abiit
940 1292 1156 1371 unusquisque
1179 1291 1210 1354 in
1235 1292 1314 1355 viam
1339 1309 1436 1355 suam.

520 1382 552 1444 ln
577 1399 722 1463 processu
746 1400 820 1445 vero
848 1385 1023 1461 temporum
1055 1380 1164 1444 accidit
1193 1381 1339 1443 heremite
1368 1383 1497 1445 transire

429 1489 485 1551 per
508 1471 590 1533 illam
614 1475 723 1533 terram
748 1475 777 1533 et
803 1470 935 1533 occurrit
961 1470 988 1532 ei
1018 1486 1142 1551 symeus
1165 1474 1194 1533 et
1220 1470 1329 1533 videns
1356 1471 1498 1533 salutavit

376 1576 415 1621 rso
431 1577 502 1621 eum
527 1564 555 1623 et
577 1560 618 1621 ait
640 1559 678 1622 ad
702 1577 787 1622 eum:
812 1558 896 1620 Nihil
921 1576 1005 1621 nunc
1028 1558 1128 1622 habeo
1143 1558 1227 1639 apud
1244 1577 1293 1621 me
1309 1559 1363 1622 sed
1379 1564 1497 1640 presto-

431 1648 493 1711 lare
527 1649 689 1729 paulisper.
747 1647 811 1721 Qui
845 1647 953 1710 abiens
988 1647 1076 1710 rediit
1109 1648 1148 1709 ad
1183 1665 1254 1710 eum
1289 1666 1359 1711 cum
1392 1649 1497 1711 multis

431 1736 579 1801 fructibus
595 1742 623 1799 et
638 1736 868 1801 delectabilibus
891 1741 920 1799 et
943 1736 1001 1799 sibi
1026 1736 1152 1799 donavit
1167 1741 1203 1813 et,
1227 1737 1358 1817 sumptis
1380 1737 1421 1800 de
1437 1738 1497 1801 illis

429 1826 516 1905 quod
541 1826 645 1903 voluit,
677 1825 815 1889 discessit
838 1826 919 1887 inde.
966 1827 1002 1888 Et
1028 1826 1160 1889 occurrit
1188 1826 1215 1887 ei
1243 1826 1348 1907 vipera
1377 1845 1441 1906 que
1470 1831 1499 1889 et

430 1914 538 1978 videns
561 1914 700 1978 salutavit
723 1932 793 1977 eum
817 1918 846 1976 et
868 1915 920 1977 ait:
946 1915 1059 1994 Magna
1081 1914 1139 1977 fuit
1161 1915 1256 1994 gratia
1278 1933 1371 1995 quarn
1397 1915 1497 1996 reoepi

376 2020 448 2066 vasa
475 2008 512 2082 te,
542 2004 596 2068 sed
625 2022 704 2083 rogo
732 2022 771 2065 ne
801 2003 948 2081 discedas,
979 2004 1080 2067 donec
1110 2003 1219 2067 redibo
1245 2004 1284 2065 ad
1312 2008 1354 2083 te;
1384 2007 1415 2066 et
1445 2004 1499 2067 ivit

430 2093 534 2174 vipera
557 2093 594 2155 ad
619 2092 748 2155 domum
766 2093 847 2172 regis
870 2096 899 2155 et
922 2091 1070 2155 interfecit
1091 2091 1186 2155 filiam
1210 2110 1297 2155 suam
1321 2096 1350 2155 et
1364 2094 1497 2173 acceptis

430 2199 546 2245 corona
568 2186 598 2245 et
620 2182 768 2245 localibus
791 2182 866 2258 eiuS,
896 2181 963 2243 tulit
985 2186 1014 2244 et
1036 2181 1163 2245 donavit
1185 2182 1337 2258 heremite,
1368 2185 1399 2244 et
1420 2182 1498 2244 nihil

430 2270 457 2334 ei
482 2271 521 2334 de
545 2275 642 2335 morte
665 2270 728 2333 filie
751 2271 832 2350 regis
848 2270 1058 2334 manifestavit.
1096 2271 1132 2332 Et
1147 2270 1289 2350 cogitavit
1304 2271 1452 2333 heremita
1467 2272 1498 2333 in
1585 2279 1586 2294 ¹

431 2359 591 2423 cordesuo
608 2360 726 2423 dicens:
747 2361 807 2422 lam
825 2359 881 2422 hec
895 2359 1038 2421 animalia
1053 2359 1093 2421 de
1108 2359 1260 2422 beneficio
1276 2358 1362 2440 quod
1378 2360 1423 2422 eis
1438 2360 1498 2440 egi,
1585 2385 1586 2414 t

378 2466 417 2510 rm
433 2448 507 2511 mihi
532 2452 816 2527 remuneraverunt,
846 2448 956 2511 estimo
984 2447 1119 2528 quodsi
1146 2447 1185 2510 ad
1208 2447 1365 2511 aurificem
1389 2467 1498 2530 perve-

432 2557 520 2616 nero,
553 2539 663 2602 melius
693 2539 758 2619 ipse
789 2538 865 2600 mihi
897 2537 1118 2616 remunerabit,
1152 2541 1182 2600 et
1211 2538 1316 2601 saltem
1349 2538 1423 2600 mihi
1458 2539 1499 2602 de

431 2627 611 2691 huiusmodi
628 2627 777 2690 iocalibus
793 2627 940 2690 consulet
977 2627 1085 2690 Postea
1108 2645 1182 2690 vero
1205 2627 1351 2690 heremita
1372 2628 1500 2691 accessit

430 2716 469 2779 ad
493 2717 623 2781 domum
647 2716 789 2793 aurificis,
820 2720 849 2778 et
871 2715 981 2778 videns
1008 2734 1078 2778 eum
1102 2715 1220 2778 aurifex
1247 2716 1335 2779 duxit
1357 2734 1429 2779 eum
1459 2716 1497 2779 ad

431 2824 518 2869 suam
549 2806 679 2869 domum
711 2810 740 2868 et
770 2805 922 2868 honorem
957 2805 985 2867 ei
1017 2805 1152 2868 contulit.
1205 2804 1351 2885 Cumque
1381 2805 1501 2868 videret

378 2912 418 2958 ras
432 2895 550 2958 aurifex
573 2913 719 2958 coronam
736 2912 867 2971 auream,
891 2894 1038 2974 cognovit
1056 2912 1123 2956 eam
1139 2894 1226 2973 quod
1242 2893 1300 2956 fuit
1321 2894 1385 2956 filie
1408 2895 1499 2974 regis,

433 2989 462 3047 et
488 2985 529 3047 ait
555 2984 596 3046 ei:
628 2983 701 3046 Noli
733 2983 805 3046 hinc
832 2982 997 3060 discedere,
1028 2982 1129 3045 donec
1155 2982 1194 3045 ad
1224 2987 1253 3045 te
1283 2983 1413 3047 rediero.
1437 3005 1440 3012 ·
1464 2985 1500 3046 Et

431 3073 581 3136 transiens
603 3071 642 3134 ad
658 3072 788 3135 domum
805 3073 886 3152 regis
901 3071 1097 3135 annunciavit
1120 3072 1147 3134 ei
1163 3071 1325 3151 quomodo
1342 3071 1502 3136 invenerat

431 3179 579 3225 coronam
604 3160 666 3223 filie
689 3178 744 3222 sue
768 3161 798 3224 in
823 3179 917 3224 manu
941 3160 1100 3224 cuiusdam
1118 3161 1251 3240 quierat
1274 3161 1305 3224 in
1321 3160 1419 3224 domo
1442 3180 1500 3225 sua

432 3254 462 3312 et
490 3251 592 3330 ipsum
625 3249 787 3312 retinuerat
816 3249 917 3313 donec
947 3250 1104 3313 mandaret
1136 3268 1188 3312 rex
1219 3267 1312 3330 super
1342 3250 1411 3313 hoc
1466 3252 1501 3313 Et

379 3355 419 3400 no
434 3338 563 3403 audiens
586 3339 647 3402 hoc
670 3357 730 3413 rex,
759 3338 840 3401 misit
868 3357 925 3419 pro
949 3357 987 3402 eo
995 3360 1002 3416 ;
1033 3339 1087 3419 qui
1111 3357 1181 3401 cum
1205 3339 1323 3402 veniret
1345 3343 1374 3401 et
1396 3344 1500 3404 osten-

433 3426 519 3491 deret
549 3445 695 3491 coronam
728 3427 800 3507 regi,
832 3428 978 3507 cognovit
1006 3446 1058 3490 rex
1082 3427 1174 3505 illam,
1204 3432 1234 3490 et
1261 3427 1416 3491 mandavit
1445 3447 1499 3491 rex
1584 3496 1585 3499 ,

434 3517 534 3596 ipsum
560 3516 705 3596 flagellari
729 3520 758 3578 et
780 3515 850 3579 duci
876 3535 930 3597 per
954 3517 1112 3594 civitatem,
1137 3516 1250 3579 deinde
1265 3516 1423 3597 suspendi.
1463 3519 1500 3580 Et

433 3605 546 3668 factum
571 3614 615 3668 est
639 3605 686 3667 ita.
734 3606 861 3668 Etcum
886 3605 1035 3668 ducerent
1065 3605 1162 3668 illium
1180 3624 1235 3686 per
1250 3605 1408 3683 civitatem,
1433 3606 1499 3670 ibat

433 3695 558 3774 plorans
573 3712 682 3772 amare,
706 3694 840 3757 clamans
863 3699 893 3757 et
915 3694 1032 3758 dicens:
1056 3694 1088 3759 Si
1105 3694 1235 3758 consilio
1254 3694 1389 3757 ferarum
1405 3699 1501 3758 atten-

380 3782 548 3846 audissem
572 3782 611 3846 de
635 3800 699 3863 quo
723 3783 798 3846 mihi
822 3784 1051 3862 consuluerunt,
1084 3800 1146 3846 non
1171 3783 1276 3863 utique
1300 3784 1360 3846 hoc
1382 3784 1499 3847 malum

434 3872 510 3934 mihi
533 3872 690 3936 evenisset
738 3873 773 3934 Et
794 3872 924 3936 audiens
951 3890 1078 3953 serpens
1106 3890 1212 3936 vocem
1240 3871 1315 3950 eius,
1346 3873 1438 3935 exivit
1461 3873 1500 3936 ad

434 3980 504 4026 eum
534 3961 575 4024 de
604 3979 744 4038 mvema,
776 3965 805 4024 et
834 3960 944 4025 videns
974 3961 1060 4042 quod
1091 3961 1239 4025 acciderat
1269 3961 1310 4038 ei,
1341 3961 1442 4024 doluit
1472 3965 1502 4025 et

433 4049 593 4132 obstupuit
622 4054 652 4113 et
679 4051 840 4114 meditatus
870 4054 915 4113 est
936 4056 1117 4130 argumenta
1147 4069 1205 4132 pro
1234 4050 1282 4114 sui
1311 4050 1500 4114 liberatione.

435 4141 471 4202 Et
497 4139 557 4203 cito
587 4155 714 4219 serpens
745 4139 784 4201 ad
815 4139 946 4201 domum
983 4139 1063 4219 regis
1095 4139 1264 4203 momordit
1292 4139 1392 4202 filium
1423 4140 1501 4203 eius

382 4243 421 4289 rso
435 4228 580 4308 Misitque
603 4244 655 4288 rex
679 4243 736 4304 pro
759 4225 922 4303 astrologis
940 4231 969 4289 et
991 4226 1090 4305 magis
1105 4231 1139 4289 ut
1160 4228 1218 4290 sibi
1243 4228 1376 4291 facerent
1397 4228 1501 4292 incan·
1583 4242 1584 4275 l

1583 4526 1585 4545 .
