<?xml version="1.0" encoding="UTF-8"?>
<!DOCTYPE html PUBLIC "-//W3C//DTD XHTML 1.0 Transitional//EN"
    "http://www.w3.org/TR/xhtml1/DTD/xhtml1-transitional.dtd">
<html xmlns="http://www.w3.org/1999/xhtml" xml:lang="en" lang="en">
 <head>
  <title>
</title>
<meta http-equiv="Content-Type" content="text/html;charset=utf-8" />
  <meta name='ocr-system' content='tesseract 3.04.00' />
  <meta name='ocr-capabilities' content='ocr_page ocr_carea ocr_par ocr_line ocrx_word'/>
</head>
<body>
  <div class='ocr_page' id='page_1' title='image "./probenderlatein00ulrigoog_0024.png"; bbox 0 0 3525 5025; ppageno 0'>
   <div class='ocr_carea' id='block_1_1' title="bbox 691 532 909 588">
    <p class='ocr_par' dir='ltr' id='par_1_1' title="bbox 691 532 909 588">
     <span class='ocr_line' id='line_1_1' title="bbox 691 532 909 588; baseline -0.005 -18"><span class='ocrx_word' id='word_1_1' title='bbox 691 532 909 588; x_wconf 68' lang='lat'>„13-</span> 
     </span>
    </p>
   </div>
   <div class='ocr_carea' id='block_1_2' title="bbox 692 704 914 768">
    <p class='ocr_par' dir='ltr' id='par_1_2' title="bbox 692 704 914 768">
     <span class='ocr_line' id='line_1_2' title="bbox 692 704 914 768; baseline -0.009 -3"><span class='ocrx_word' id='word_1_2' title='bbox 692 704 828 765; x_wconf 85' lang='lat' dir='ltr'>Fabula</span> <span class='ocrx_word' id='word_1_3' title='bbox 851 704 914 768; x_wconf 90' lang='lat' dir='ltr'>Vll.</span> 
     </span>
    </p>
   </div>
   <div class='ocr_carea' id='block_1_3' title="bbox 339 808 1306 2584">
    <p class='ocr_par' dir='ltr' id='par_1_3' title="bbox 339 808 1306 2584">
     <span class='ocr_line' id='line_1_3' title="bbox 340 808 1202 891; baseline -0.001 -17"><span class='ocrx_word' id='word_1_4' title='bbox 340 828 384 874; x_wconf 78' lang='grc'>000</span> <span class='ocrx_word' id='word_1_5' title='bbox 399 809 455 873; x_wconf 90' lang='lat' dir='ltr'>Vir</span> <span class='ocrx_word' id='word_1_6' title='bbox 477 808 603 890; x_wconf 90' lang='lat' dir='ltr'>quidam</span> <span class='ocrx_word' id='word_1_7' title='bbox 627 828 720 873; x_wconf 88' lang='lat' dir='ltr'>senex</span> <span class='ocrx_word' id='word_1_8' title='bbox 743 810 866 890; x_wconf 88' lang='lat' dir='ltr'>capiens</span> <span class='ocrx_word' id='word_1_9' title='bbox 890 811 921 872; x_wconf 90' lang='lat' dir='ltr'>in</span> <span class='ocrx_word' id='word_1_10' title='bbox 945 814 1033 873; x_wconf 90' lang='lat' dir='ltr'>nocte</span> <span class='ocrx_word' id='word_1_11' title='bbox 1056 828 1202 891; x_wconf 89' lang='lat' dir='ltr'>soporem</span> 
     </span>
     <span class='ocr_line' id='line_1_4' title="bbox 444 897 1139 963; baseline 0.001 -1"><span class='ocrx_word' id='word_1_12' title='bbox 444 897 526 962; x_wconf 90' lang='lat' dir='ltr'>Cum</span> <span class='ocrx_word' id='word_1_13' title='bbox 552 899 680 962; x_wconf 89' lang='lat' dir='ltr'>muliere</span> <span class='ocrx_word' id='word_1_14' title='bbox 702 917 758 962; x_wconf 88' lang='lat' dir='ltr'>sua</span> <span class='ocrx_word' id='word_1_15' title='bbox 781 900 876 962; x_wconf 91' lang='lat' dir='ltr'>credit</span> <span class='ocrx_word' id='word_1_16' title='bbox 898 899 1005 962; x_wconf 85' lang='lat' dir='ltr'>adesse</span> <span class='ocrx_word' id='word_1_17' title='bbox 1029 899 1139 963; x_wconf 85' lang='lat' dir='ltr'><strong>Parim.</strong></span> 
     </span>
     <span class='ocr_line' id='line_1_5' title="bbox 398 987 1305 1066; baseline 0.006 -16"><span class='ocrx_word' id='word_1_18' title='bbox 398 987 553 1050; x_wconf 86' lang='lat' dir='ltr'>Clamitat:</span> <span class='ocrx_word' id='word_1_19' title='bbox 577 987 618 1066; x_wconf 91' lang='lat' dir='ltr'>,O</span> <span class='ocrx_word' id='word_1_20' title='bbox 634 988 753 1066; x_wconf 86' lang='lat' dir='ltr'>mulier,</span> <span class='ocrx_word' id='word_1_21' title='bbox 778 988 852 1050; x_wconf 93' lang='lat' dir='ltr'>mihi</span> <span class='ocrx_word' id='word_1_22' title='bbox 877 990 1025 1051; x_wconf 90' lang='lat' dir='ltr'>moechus</span> <span class='ocrx_word' id='word_1_23' title='bbox 1044 988 1152 1052; x_wconf 82' lang='lat' dir='ltr'>adesse</span> <span class='ocrx_word' id='word_1_24' title='bbox 1167 989 1305 1056; x_wconf 85' lang='lat' dir='ltr'>videtur‘.</span> 
     </span>
     <span class='ocr_line' id='line_1_6' title="bbox 444 1076 1231 1159; baseline 0.003 -20"><span class='ocrx_word' id='word_1_25' title='bbox 444 1076 529 1140; x_wconf 80' lang='lat' dir='ltr'>llaec</span> <span class='ocrx_word' id='word_1_26' title='bbox 550 1077 602 1139; x_wconf 91' lang='lat' dir='ltr'>ait:</span> <span class='ocrx_word' id='word_1_27' title='bbox 627 1078 669 1153; x_wconf 91' lang='lat' dir='ltr'>,ln</span> <span class='ocrx_word' id='word_1_28' title='bbox 694 1094 807 1142; x_wconf 92' lang='lat' dir='ltr'>somno</span> <span class='ocrx_word' id='word_1_29' title='bbox 830 1096 885 1157; x_wconf 91' lang='lat' dir='ltr'>par</span> <span class='ocrx_word' id='word_1_30' title='bbox 908 1077 984 1140; x_wconf 90' lang='lat' dir='ltr'>mihi</span> <span class='ocrx_word' id='word_1_31' title='bbox 1007 1078 1107 1141; x_wconf 84' lang='lat' dir='ltr'>forma</span> <span class='ocrx_word' id='word_1_32' title='bbox 1130 1081 1231 1159; x_wconf 87' lang='lat' dir='ltr'>paret‘.</span> 
     </span>
     <span class='ocr_line' id='line_1_7' title="bbox 399 1166 1241 1248; baseline 0.006 -21"><span class='ocrx_word' id='word_1_33' title='bbox 399 1166 530 1247; x_wconf 81' lang='lat' dir='ltr'>Percipit</span> <span class='ocrx_word' id='word_1_34' title='bbox 553 1166 637 1229; x_wconf 90' lang='lat' dir='ltr'>hunc</span> <span class='ocrx_word' id='word_1_35' title='bbox 660 1166 783 1246; x_wconf 81' lang='lat' dir='ltr'>iterum;</span> <span class='ocrx_word' id='word_1_36' title='bbox 807 1167 918 1246; x_wconf 90' lang='lat' dir='ltr'>palmis</span> <span class='ocrx_word' id='word_1_37' title='bbox 941 1166 1074 1248; x_wconf 81' lang='lat' dir='ltr'><strong>palpavit</strong></span> <span class='ocrx_word' id='word_1_38' title='bbox 1096 1172 1126 1230; x_wconf 90' lang='lat' dir='ltr'>et</span> <span class='ocrx_word' id='word_1_39' title='bbox 1148 1168 1241 1248; x_wconf 75' lang='lat' dir='ltr'>huius</span> 
     </span>
     <span class='ocr_line' id='line_1_8' title="bbox 340 1255 1093 1320; baseline 0 -1"><span class='ocrx_word' id='word_1_40' title='bbox 340 1274 382 1319; x_wconf 81' lang='grc'>000</span> <span class='ocrx_word' id='word_1_41' title='bbox 446 1256 478 1317; x_wconf 87' lang='grc'>10</span> <span class='ocrx_word' id='word_1_42' title='bbox 502 1255 610 1318; x_wconf 91' lang='lat' dir='ltr'>tellure</span> <span class='ocrx_word' id='word_1_43' title='bbox 633 1255 699 1318; x_wconf 88' lang='lat' dir='ltr'>iore</span> <span class='ocrx_word' id='word_1_44' title='bbox 722 1260 856 1318; x_wconf 79' lang='lat' dir='ltr'>senserat</span> <span class='ocrx_word' id='word_1_45' title='bbox 878 1256 930 1319; x_wconf 92' lang='lat' dir='ltr'>hic</span> <span class='ocrx_word' id='word_1_46' title='bbox 951 1260 1093 1320; x_wconf 83' lang='lat' dir='ltr'><strong>aratrum.</strong></span> 
     </span>
     <span class='ocr_line' id='line_1_9' title="bbox 399 1343 1232 1426; baseline 0.007 -21"><span class='ocrx_word' id='word_1_47' title='bbox 399 1344 545 1406; x_wconf 80' lang='lat' dir='ltr'>Exultans</span> <span class='ocrx_word' id='word_1_48' title='bbox 568 1343 656 1406; x_wconf 83' lang='lat' dir='ltr'><strong>dixit:</strong></span> <span class='ocrx_word' id='word_1_49' title='bbox 679 1345 709 1423; x_wconf 85' lang='lat' dir='ltr'>,l,</span> <span class='ocrx_word' id='word_1_50' title='bbox 733 1344 780 1407; x_wconf 89' lang='lat' dir='ltr'>fer</span> <span class='ocrx_word' id='word_1_51' title='bbox 803 1344 888 1422; x_wconf 84' lang='lat' dir='ltr'>mihi,</span> <span class='ocrx_word' id='word_1_52' title='bbox 911 1363 1034 1426; x_wconf 86' lang='lat' dir='ltr'>sponsa,</span> <span class='ocrx_word' id='word_1_53' title='bbox 1059 1344 1232 1411; x_wconf 81' lang='lat' dir='ltr'>lucernam‘.</span> 
     </span>
     <span class='ocr_line' id='line_1_10' title="bbox 442 1432 1123 1514; baseline -0.003 -17"><span class='ocrx_word' id='word_1_54' title='bbox 442 1432 481 1497; x_wconf 90' lang='lat' dir='ltr'>Se</span> <span class='ocrx_word' id='word_1_55' title='bbox 506 1433 616 1496; x_wconf 89' lang='lat' dir='ltr'>laesam</span> <span class='ocrx_word' id='word_1_56' title='bbox 640 1433 714 1496; x_wconf 91' lang='lat' dir='ltr'>dicit</span> <span class='ocrx_word' id='word_1_57' title='bbox 736 1433 811 1496; x_wconf 91' lang='lat' dir='ltr'>haec</span> <span class='ocrx_word' id='word_1_58' title='bbox 832 1434 900 1498; x_wconf 93' lang='lat' dir='ltr'>iore</span> <span class='ocrx_word' id='word_1_59' title='bbox 924 1438 1007 1514; x_wconf 89' lang='lat' dir='ltr'>peste</span> <span class='ocrx_word' id='word_1_60' title='bbox 1029 1434 1123 1513; x_wconf 87' lang='lat' dir='ltr'>gravi.</span> 
     </span>
     <span class='ocr_line' id='line_1_11' title="bbox 398 1521 1269 1602; baseline 0.005 -19"><span class='ocrx_word' id='word_1_61' title='bbox 398 1522 492 1584; x_wconf 83' lang='lat' dir='ltr'>llunc</span> <span class='ocrx_word' id='word_1_62' title='bbox 516 1521 588 1585; x_wconf 88' lang='lat' dir='ltr'>huic</span> <span class='ocrx_word' id='word_1_63' title='bbox 608 1522 768 1585; x_wconf 88' lang='lat' dir='ltr'>committit</span> <span class='ocrx_word' id='word_1_64' title='bbox 790 1540 942 1602; x_wconf 90' lang='lat' dir='ltr'>quaerens</span> <span class='ocrx_word' id='word_1_65' title='bbox 965 1522 1128 1587; x_wconf 86' lang='lat' dir='ltr'>incendere</span> <span class='ocrx_word' id='word_1_66' title='bbox 1151 1522 1269 1601; x_wconf 78' lang='lat' dir='ltr'>lumem</span> 
     </span>
     <span class='ocr_line' id='line_1_12' title="bbox 443 1611 1205 1693; baseline 0.005 -20"><span class='ocrx_word' id='word_1_67' title='bbox 443 1611 529 1674; x_wconf 85' lang='lat' dir='ltr'>Haec</span> <span class='ocrx_word' id='word_1_68' title='bbox 550 1612 654 1675; x_wconf 88' lang='lat' dir='ltr'>subito</span> <span class='ocrx_word' id='word_1_69' title='bbox 676 1628 807 1692; x_wconf 83' lang='lat' dir='ltr'>surgens</span> <span class='ocrx_word' id='word_1_70' title='bbox 831 1612 880 1675; x_wconf 91' lang='lat' dir='ltr'>hic</span> <span class='ocrx_word' id='word_1_71' title='bbox 903 1612 1095 1693; x_wconf 90' lang='lat' dir='ltr'>vitulumque</span> <span class='ocrx_word' id='word_1_72' title='bbox 1119 1612 1205 1677; x_wconf 87' lang='lat' dir='ltr'>locat.</span> 
     </span>
     <span class='ocr_line' id='line_1_13' title="bbox 339 1700 1306 1781; baseline 0.002 -17"><span class='ocrx_word' id='word_1_73' title='bbox 339 1718 382 1764; x_wconf 77' lang='grc'>000</span> <span class='ocrx_word' id='word_1_74' title='bbox 397 1700 453 1763; x_wconf 92' lang='lat' dir='ltr'>Vir</span> <span class='ocrx_word' id='word_1_75' title='bbox 476 1700 559 1763; x_wconf 90' lang='lat' dir='ltr'>venit</span> <span class='ocrx_word' id='word_1_76' title='bbox 580 1704 610 1763; x_wconf 93' lang='lat' dir='ltr'>et</span> <span class='ocrx_word' id='word_1_77' title='bbox 632 1700 744 1781; x_wconf 88' lang='lat' dir='ltr'>reperit</span> <span class='ocrx_word' id='word_1_78' title='bbox 761 1701 892 1763; x_wconf 91' lang='lat' dir='ltr'>vitulum</span> <span class='ocrx_word' id='word_1_79' title='bbox 909 1719 1059 1781; x_wconf 89' lang='lat' dir='ltr'>quaerens</span> <span class='ocrx_word' id='word_1_80' title='bbox 1080 1701 1133 1765; x_wconf 92' lang='lat' dir='ltr'>ubi</span> <span class='ocrx_word' id='word_1_81' title='bbox 1158 1701 1306 1767; x_wconf 88' lang='lat' dir='ltr'>moechus</span> 
     </span>
     <span class='ocr_line' id='line_1_14' title="bbox 443 1788 1174 1871; baseline -0.003 -18"><span class='ocrx_word' id='word_1_82' title='bbox 443 1788 499 1866; x_wconf 88' lang='lat' dir='ltr'>Sit;</span> <span class='ocrx_word' id='word_1_83' title='bbox 524 1789 634 1852; x_wconf 92' lang='lat' dir='ltr'>mulier</span> <span class='ocrx_word' id='word_1_84' title='bbox 656 1789 759 1853; x_wconf 89' lang='lat' dir='ltr'>verbis</span> <span class='ocrx_word' id='word_1_85' title='bbox 782 1790 917 1871; x_wconf 85' lang='lat' dir='ltr'>increpat</span> <span class='ocrx_word' id='word_1_86' title='bbox 939 1790 1023 1853; x_wconf 89' lang='lat' dir='ltr'>hunc</span> <span class='ocrx_word' id='word_1_87' title='bbox 1044 1790 1174 1854; x_wconf 87' lang='lat' dir='ltr'>acribus.</span> 
     </span>
     <span class='ocr_line' id='line_1_15' title="bbox 396 1877 1151 1944; baseline 0.005 -5"><span class='ocrx_word' id='word_1_88' title='bbox 396 1877 517 1940; x_wconf 80' lang='lat' dir='ltr'>Aiiines</span> <span class='ocrx_word' id='word_1_89' title='bbox 541 1896 630 1941; x_wconf 87' lang='lat' dir='ltr'>mane</span> <span class='ocrx_word' id='word_1_90' title='bbox 654 1878 765 1942; x_wconf 92' lang='lat' dir='ltr'>mulier</span> <span class='ocrx_word' id='word_1_91' title='bbox 787 1878 845 1942; x_wconf 91' lang='lat' dir='ltr'>sibi</span> <span class='ocrx_word' id='word_1_92' title='bbox 869 1884 1019 1944; x_wconf 90' lang='lat' dir='ltr'>convocat</span> <span class='ocrx_word' id='word_1_93' title='bbox 1041 1897 1151 1943; x_wconf 90' lang='lat' dir='ltr'>omnes</span> 
     </span>
     <span class='ocr_line' id='line_1_16' title="bbox 444 1966 1165 2048; baseline 0.003 -19"><span class='ocrx_word' id='word_1_94' title='bbox 444 1966 571 2030; x_wconf 90' lang='lat' dir='ltr'>Dicens:</span> <span class='ocrx_word' id='word_1_95' title='bbox 595 1968 642 2029; x_wconf 93' lang='lat' dir='ltr'>vir</span> <span class='ocrx_word' id='word_1_96' title='bbox 664 1972 783 2048; x_wconf 90' lang='lat' dir='ltr'>pareret</span> <span class='ocrx_word' id='word_1_97' title='bbox 805 1966 947 2031; x_wconf 89' lang='lat' dir='ltr'>scandala</span> <span class='ocrx_word' id='word_1_98' title='bbox 969 1967 1075 2032; x_wconf 89' lang='lat' dir='ltr'>crebra</span> <span class='ocrx_word' id='word_1_99' title='bbox 1097 1968 1165 2032; x_wconf 91' lang='lat' dir='ltr'>sibi.</span> 
     </span>
     <span class='ocr_line' id='line_1_17' title="bbox 397 2056 1261 2138; baseline 0.005 -21"><span class='ocrx_word' id='word_1_100' title='bbox 397 2056 486 2118; x_wconf 84' lang='lat' dir='ltr'>Tunc</span> <span class='ocrx_word' id='word_1_101' title='bbox 508 2056 558 2118; x_wconf 89' lang='lat' dir='ltr'>vix</span> <span class='ocrx_word' id='word_1_102' title='bbox 581 2074 647 2119; x_wconf 88' lang='lat' dir='ltr'>eam</span> <span class='ocrx_word' id='word_1_103' title='bbox 673 2056 803 2119; x_wconf 92' lang='lat' dir='ltr'>nimium</span> <span class='ocrx_word' id='word_1_104' title='bbox 828 2057 973 2137; x_wconf 91' lang='lat' dir='ltr'>precibus</span> <span class='ocrx_word' id='word_1_105' title='bbox 996 2058 1116 2138; x_wconf 83' lang='lat' dir='ltr'>rogavit</span> <span class='ocrx_word' id='word_1_106' title='bbox 1137 2058 1261 2136; x_wconf 88' lang='lat' dir='ltr'>amicus,</span> 
     </span>
     <span class='ocr_line' id='line_1_18' title="bbox 341 2144 1070 2226; baseline 0 -18"><span class='ocrx_word' id='word_1_107' title='bbox 341 2163 382 2208; x_wconf 84' lang='lat' dir='ltr'>aro</span> <span class='ocrx_word' id='word_1_108' title='bbox 445 2146 488 2209; x_wconf 92' lang='lat' dir='ltr'>Ut</span> <span class='ocrx_word' id='word_1_109' title='bbox 510 2144 605 2208; x_wconf 91' lang='lat' dir='ltr'>donet</span> <span class='ocrx_word' id='word_1_110' title='bbox 627 2146 757 2224; x_wconf 80' lang='lat' dir='ltr'>veniam,</span> <span class='ocrx_word' id='word_1_111' title='bbox 782 2163 905 2226; x_wconf 86' lang='lat' dir='ltr'>parcere</span> <span class='ocrx_word' id='word_1_112' title='bbox 928 2151 1012 2210; x_wconf 91' lang='lat' dir='ltr'>curet</span> <span class='ocrx_word' id='word_1_113' title='bbox 1034 2147 1070 2209; x_wconf 92' lang='lat' dir='ltr'>ei.</span> 
     </span>
     <span class='ocr_line' id='line_1_19' title="bbox 397 2234 1284 2314; baseline 0.003 -18"><span class='ocrx_word' id='word_1_114' title='bbox 397 2234 460 2312; x_wconf 90' lang='lat' dir='ltr'>,Do</span> <span class='ocrx_word' id='word_1_115' title='bbox 483 2234 603 2296; x_wconf 90' lang='lat' dir='ltr'>veniam</span> <span class='ocrx_word' id='word_1_116' title='bbox 627 2234 681 2297; x_wconf 93' lang='lat' dir='ltr'><strong>tibi</strong></span> <span class='ocrx_word' id='word_1_117' title='bbox 705 2234 773 2313; x_wconf 86' lang='lat' dir='ltr'>vix‘,</span> <span class='ocrx_word' id='word_1_118' title='bbox 796 2235 837 2297; x_wconf 91' lang='lat' dir='ltr'>ait</span> <span class='ocrx_word' id='word_1_119' title='bbox 860 2234 942 2314; x_wconf 84' lang='lat' dir='ltr'>haec,</span> <span class='ocrx_word' id='word_1_120' title='bbox 966 2235 1014 2314; x_wconf 89' lang='lat' dir='ltr'>,de</span> <span class='ocrx_word' id='word_1_121' title='bbox 1037 2235 1165 2298; x_wconf 89' lang='lat' dir='ltr'>crimine</span> <span class='ocrx_word' id='word_1_122' title='bbox 1187 2240 1284 2314; x_wconf 74' lang='lat' dir='ltr'>tantm</span> 
     </span>
     <span class='ocr_line' id='line_1_20' title="bbox 442 2322 1072 2404; baseline 0.003 -18"><span class='ocrx_word' id='word_1_123' title='bbox 442 2322 473 2386; x_wconf 88' lang='lat' dir='ltr'>Si</span> <span class='ocrx_word' id='word_1_124' title='bbox 497 2327 525 2385; x_wconf 88' lang='lat' dir='ltr'>te</span> <span class='ocrx_word' id='word_1_125' title='bbox 549 2324 707 2404; x_wconf 91' lang='lat' dir='ltr'>poeniteat,</span> <span class='ocrx_word' id='word_1_126' title='bbox 732 2324 773 2387; x_wconf 94' lang='lat' dir='ltr'>do</span> <span class='ocrx_word' id='word_1_127' title='bbox 797 2324 919 2387; x_wconf 91' lang='lat' dir='ltr'>sceleris</span> <span class='ocrx_word' id='word_1_128' title='bbox 941 2324 1072 2389; x_wconf 89' lang='lat' dir='ltr'>veniam.</span> 
     </span>
     <span class='ocr_line' id='line_1_21' title="bbox 397 2412 1294 2493; baseline 0.004 -20"><span class='ocrx_word' id='word_1_129' title='bbox 397 2412 477 2473; x_wconf 89' lang='lat' dir='ltr'>Nam</span> <span class='ocrx_word' id='word_1_130' title='bbox 501 2412 679 2492; x_wconf 89' lang='lat' dir='ltr'>quicunque</span> <span class='ocrx_word' id='word_1_131' title='bbox 702 2413 776 2493; x_wconf 92' lang='lat' dir='ltr'>petit</span> <span class='ocrx_word' id='word_1_132' title='bbox 797 2413 918 2476; x_wconf 87' lang='lat' dir='ltr'>veniam</span> <span class='ocrx_word' id='word_1_133' title='bbox 942 2413 1082 2492; x_wconf 74' lang='lat' dir='ltr'>lacrimis</span> <span class='ocrx_word' id='word_1_134' title='bbox 1109 2412 1168 2477; x_wconf 89' lang='lat' dir='ltr'>sibi</span> <span class='ocrx_word' id='word_1_135' title='bbox 1192 2412 1294 2477; x_wconf 90' lang='lat' dir='ltr'>danda</span> 
     </span>
     <span class='ocr_line' id='line_1_22' title="bbox 443 2501 1076 2584; baseline 0.002 -19"><span class='ocrx_word' id='word_1_136' title='bbox 443 2501 502 2581; x_wconf 85' lang='lat' dir='ltr'>Est,</span> <span class='ocrx_word' id='word_1_137' title='bbox 525 2506 559 2564; x_wconf 92' lang='lat' dir='ltr'>ut</span> <span class='ocrx_word' id='word_1_138' title='bbox 580 2506 754 2566; x_wconf 87' lang='lat' dir='ltr'>sanctorum</span> <span class='ocrx_word' id='word_1_139' title='bbox 779 2502 960 2566; x_wconf 89' lang='lat' dir='ltr'>testifacatur</span> <span class='ocrx_word' id='word_1_140' title='bbox 981 2506 1076 2584; x_wconf 84' lang='lat' dir='ltr'>apex‘.</span> 
     </span>
    </p>
   </div>
   <div class='ocr_carea' id='block_1_4' title="bbox 690 2646 927 2709">
    <p class='ocr_par' dir='ltr' id='par_1_4' title="bbox 690 2646 927 2709">
     <span class='ocr_line' id='line_1_23' title="bbox 690 2646 927 2709; baseline 0 -1"><span class='ocrx_word' id='word_1_141' title='bbox 690 2646 827 2709; x_wconf 86' lang='lat' dir='ltr'>Fabula</span> <span class='ocrx_word' id='word_1_142' title='bbox 850 2646 927 2709; x_wconf 88' lang='lat' dir='ltr'>Vlll.</span> 
     </span>
    </p>
   </div>
   <div class='ocr_carea' id='block_1_5' title="bbox 312 2768 1236 3830">
    <p class='ocr_par' dir='ltr' id='par_1_5' title="bbox 312 2768 1236 3830">
     <span class='ocr_line' id='line_1_24' title="bbox 343 2768 1169 2850; baseline 0 -18"><span class='ocrx_word' id='word_1_143' title='bbox 343 2787 383 2832; x_wconf 79' lang='lat'>315</span> <span class='ocrx_word' id='word_1_144' title='bbox 398 2768 520 2832; x_wconf 91' lang='lat' dir='ltr'>Omnes</span> <span class='ocrx_word' id='word_1_145' title='bbox 542 2768 658 2832; x_wconf 90' lang='lat' dir='ltr'>audite!</span> <span class='ocrx_word' id='word_1_146' title='bbox 685 2769 823 2837; x_wconf 83' lang='lat' dir='ltr'>Referam</span> <span class='ocrx_word' id='word_1_147' title='bbox 848 2770 988 2834; x_wconf 91' lang='lat' dir='ltr'>mirabile</span> <span class='ocrx_word' id='word_1_148' title='bbox 1010 2770 1169 2850; x_wconf 87' lang='lat' dir='ltr'>quoddam</span> 
     </span>
     <span class='ocr_line' id='line_1_25' title="bbox 444 2858 1236 2939; baseline 0.001 -19"><span class='ocrx_word' id='word_1_149' title='bbox 444 2858 492 2921; x_wconf 90' lang='lat' dir='ltr'>De</span> <span class='ocrx_word' id='word_1_150' title='bbox 516 2858 652 2937; x_wconf 88' lang='lat' dir='ltr'>quodam</span> <span class='ocrx_word' id='word_1_151' title='bbox 675 2859 796 2938; x_wconf 87' lang='lat' dir='ltr'>juvene,</span> <span class='ocrx_word' id='word_1_152' title='bbox 820 2878 913 2939; x_wconf 88' lang='lat' dir='ltr'>quem</span> <span class='ocrx_word' id='word_1_153' title='bbox 937 2860 1043 2923; x_wconf 91' lang='lat' dir='ltr'>Venus</span> <span class='ocrx_word' id='word_1_154' title='bbox 1065 2861 1236 2939; x_wconf 85' lang='lat' dir='ltr'>angarians.</span> 
     </span>
     <span class='ocr_line' id='line_1_26' title="bbox 397 2947 1124 3029; baseline 0.001 -20"><span class='ocrx_word' id='word_1_155' title='bbox 397 2947 479 3010; x_wconf 85' lang='lat' dir='ltr'>Huic</span> <span class='ocrx_word' id='word_1_156' title='bbox 502 2951 587 3027; x_wconf 91' lang='lat' dir='ltr'>pater</span> <span class='ocrx_word' id='word_1_157' title='bbox 608 2947 753 3011; x_wconf 80' lang='lat' dir='ltr'>affectans</span> <span class='ocrx_word' id='word_1_158' title='bbox 776 2948 852 3029; x_wconf 84' lang='lat' dir='ltr'>legis</span> <span class='ocrx_word' id='word_1_159' title='bbox 875 2949 992 3013; x_wconf 89' lang='lat' dir='ltr'>sociare</span> <span class='ocrx_word' id='word_1_160' title='bbox 1015 2949 1124 3025; x_wconf 84' lang='lat' dir='ltr'>cubile,</span> 
     </span>
     <span class='ocr_line' id='line_1_27' title="bbox 441 3035 1102 3118; baseline 0 -20"><span class='ocrx_word' id='word_1_161' title='bbox 441 3036 488 3098; x_wconf 91' lang='lat' dir='ltr'>Ne</span> <span class='ocrx_word' id='word_1_162' title='bbox 512 3035 598 3099; x_wconf 89' lang='lat' dir='ltr'>lenae</span> <span class='ocrx_word' id='word_1_163' title='bbox 621 3040 747 3117; x_wconf 87' lang='lat' dir='ltr'>possent</span> <span class='ocrx_word' id='word_1_164' title='bbox 770 3037 935 3117; x_wconf 89' lang='lat' dir='ltr'>illaqueare</span> <span class='ocrx_word' id='word_1_165' title='bbox 958 3038 1102 3118; x_wconf 90' lang='lat' dir='ltr'>probum.</span> 
     </span>
     <span class='ocr_line' id='line_1_28' title="bbox 395 3125 1055 3207; baseline 0.003 -20"><span class='ocrx_word' id='word_1_166' title='bbox 395 3126 475 3187; x_wconf 90' lang='lat' dir='ltr'>Nam</span> <span class='ocrx_word' id='word_1_167' title='bbox 500 3125 617 3189; x_wconf 85' lang='lat' dir='ltr'>feruere</span> <span class='ocrx_word' id='word_1_168' title='bbox 640 3126 716 3204; x_wconf 90' lang='lat' dir='ltr'>lena,</span> <span class='ocrx_word' id='word_1_169' title='bbox 741 3127 852 3205; x_wconf 86' lang='lat' dir='ltr'>vagari,</span> <span class='ocrx_word' id='word_1_170' title='bbox 876 3127 977 3207; x_wconf 88' lang='lat' dir='ltr'>turpia</span> <span class='ocrx_word' id='word_1_171' title='bbox 999 3127 1055 3190; x_wconf 87' lang='lat' dir='ltr'>lari</span> 
     </span>
     <span class='ocr_line' id='line_1_29' title="bbox 341 3213 1176 3296; baseline -0.001 -20"><span class='ocrx_word' id='word_1_172' title='bbox 341 3232 382 3277; x_wconf 82' lang='lat' dir='ltr'>am</span> <span class='ocrx_word' id='word_1_173' title='bbox 442 3213 538 3294; x_wconf 86' lang='lat' dir='ltr'>Saepe</span> <span class='ocrx_word' id='word_1_174' title='bbox 562 3214 630 3277; x_wconf 90' lang='lat' dir='ltr'>lacit</span> <span class='ocrx_word' id='word_1_175' title='bbox 651 3215 788 3294; x_wconf 75' lang='lat' dir='ltr'>iuvenes,</span> <span class='ocrx_word' id='word_1_176' title='bbox 812 3220 918 3296; x_wconf 87' lang='lat' dir='ltr'>utpote</span> <span class='ocrx_word' id='word_1_177' title='bbox 941 3217 1049 3279; x_wconf 92' lang='lat' dir='ltr'>crebro</span> <span class='ocrx_word' id='word_1_178' title='bbox 1074 3216 1176 3295; x_wconf 90' lang='lat' dir='ltr'>liquet.</span> 
     </span>
     <span class='ocr_line' id='line_1_30' title="bbox 396 3303 1074 3386; baseline 0.003 -21"><span class='ocrx_word' id='word_1_179' title='bbox 396 3303 547 3366; x_wconf 89' lang='lat' dir='ltr'>Luxuriae</span> <span class='ocrx_word' id='word_1_180' title='bbox 571 3307 658 3367; x_wconf 85' lang='lat' dir='ltr'>natus</span> <span class='ocrx_word' id='word_1_181' title='bbox 682 3304 825 3368; x_wconf 89' lang='lat' dir='ltr'>incensus</span> <span class='ocrx_word' id='word_1_182' title='bbox 849 3305 947 3386; x_wconf 91' lang='lat' dir='ltr'>putris</span> <span class='ocrx_word' id='word_1_183' title='bbox 969 3322 1074 3368; x_wconf 91' lang='lat' dir='ltr'>amore</span> 
     </span>
     <span class='ocr_line' id='line_1_31' title="bbox 440 3392 1131 3474; baseline 0.006 -20"><span class='ocrx_word' id='word_1_184' title='bbox 440 3393 476 3454; x_wconf 86' lang='lat' dir='ltr'>Et</span> <span class='ocrx_word' id='word_1_185' title='bbox 498 3392 596 3455; x_wconf 91' lang='lat' dir='ltr'>voluit</span> <span class='ocrx_word' id='word_1_186' title='bbox 619 3393 711 3456; x_wconf 90' lang='lat' dir='ltr'>binos</span> <span class='ocrx_word' id='word_1_187' title='bbox 733 3411 856 3474; x_wconf 89' lang='lat' dir='ltr'>semper</span> <span class='ocrx_word' id='word_1_188' title='bbox 879 3393 992 3457; x_wconf 90' lang='lat' dir='ltr'>habere</span> <span class='ocrx_word' id='word_1_189' title='bbox 1014 3394 1131 3458; x_wconf 90' lang='lat' dir='ltr'>thoros.</span> 
     </span>
     <span class='ocr_line' id='line_1_32' title="bbox 395 3480 1212 3563; baseline 0.005 -21"><span class='ocrx_word' id='word_1_190' title='bbox 395 3480 478 3544; x_wconf 85' lang='lat' dir='ltr'>lluic</span> <span class='ocrx_word' id='word_1_191' title='bbox 501 3485 598 3562; x_wconf 90' lang='lat' dir='ltr'>pater:</span> <span class='ocrx_word' id='word_1_192' title='bbox 625 3480 665 3560; x_wconf 84' lang='grc' dir='ltr'>,Ο</span> <span class='ocrx_word' id='word_1_193' title='bbox 690 3486 766 3561; x_wconf 84' lang='lat' dir='ltr'>nate,</span> <span class='ocrx_word' id='word_1_194' title='bbox 790 3487 822 3544; x_wconf 93' lang='lat' dir='ltr'>tu</span> <span class='ocrx_word' id='word_1_195' title='bbox 847 3482 912 3545; x_wconf 93' lang='lat' dir='ltr'>noli</span> <span class='ocrx_word' id='word_1_196' title='bbox 935 3500 1080 3563; x_wconf 92' lang='lat' dir='ltr'>spernere</span> <span class='ocrx_word' id='word_1_197' title='bbox 1102 3500 1212 3546; x_wconf 90' lang='lat' dir='ltr'>sanum</span> 
     </span>
     <span class='ocr_line' id='line_1_33' title="bbox 440 3569 1054 3651; baseline 0.002 -18"><span class='ocrx_word' id='word_1_198' title='bbox 440 3569 614 3633; x_wconf 88' lang='lat' dir='ltr'>Consilium</span> <span class='ocrx_word' id='word_1_199' title='bbox 640 3571 744 3651; x_wconf 88' lang='lat' dir='ltr'>patris;</span> <span class='ocrx_word' id='word_1_200' title='bbox 770 3571 884 3634; x_wconf 88' lang='lat' dir='ltr'>sullicit</span> <span class='ocrx_word' id='word_1_201' title='bbox 907 3589 969 3634; x_wconf 90' lang='lat' dir='ltr'>una</span> <span class='ocrx_word' id='word_1_202' title='bbox 991 3572 1054 3635; x_wconf 90' lang='lat' dir='ltr'>tibi.</span> 
     </span>
     <span class='ocr_line' id='line_1_34' title="bbox 312 3658 1212 3741; baseline 0.002 -20"><span class='ocrx_word' id='word_1_203' title='bbox 312 3697 315 3708; x_wconf 86' lang='lat'>·</span> <span class='ocrx_word' id='word_1_204' title='bbox 340 3676 380 3722; x_wconf 76' lang='lat' dir='ltr'>aar</span> <span class='ocrx_word' id='word_1_205' title='bbox 395 3658 524 3740; x_wconf 90' lang='lat' dir='ltr'>Semper</span> <span class='ocrx_word' id='word_1_206' title='bbox 546 3659 611 3722; x_wconf 91' lang='lat' dir='ltr'>vult</span> <span class='ocrx_word' id='word_1_207' title='bbox 634 3659 748 3740; x_wconf 90' lang='lat' dir='ltr'>duplex</span> <span class='ocrx_word' id='word_1_208' title='bbox 771 3660 880 3724; x_wconf 86' lang='lat' dir='ltr'>stultus</span> <span class='ocrx_word' id='word_1_209' title='bbox 905 3660 1017 3724; x_wconf 91' lang='lat' dir='ltr'>habere</span> <span class='ocrx_word' id='word_1_210' title='bbox 1039 3661 1212 3741; x_wconf 86' lang='lat' dir='ltr'>grabatum;</span> 
     </span>
     <span class='ocr_line' id='line_1_35' title="bbox 438 3748 1087 3830; baseline -0.003 -18"><span class='ocrx_word' id='word_1_211' title='bbox 438 3748 478 3812; x_wconf 85' lang='lat' dir='ltr'>Se</span> <span class='ocrx_word' id='word_1_212' title='bbox 494 3748 589 3811; x_wconf 92' lang='lat' dir='ltr'>credit</span> <span class='ocrx_word' id='word_1_213' title='bbox 611 3766 703 3830; x_wconf 91' lang='lat' dir='ltr'>posse</span> <span class='ocrx_word' id='word_1_214' title='bbox 726 3749 821 3812; x_wconf 91' lang='lat' dir='ltr'>multa</span> <span class='ocrx_word' id='word_1_215' title='bbox 842 3750 968 3829; x_wconf 85' lang='lat' dir='ltr'>juventa</span> <span class='ocrx_word' id='word_1_216' title='bbox 991 3751 1087 3814; x_wconf 89' lang='lat' dir='ltr'>rudis.</span> 
     </span>
    </p>
   </div>
   <div class='ocr_carea' id='block_1_6' title="bbox 341 3836 1299 4362">
    <p class='ocr_par' dir='ltr' id='par_1_6' title="bbox 341 3836 1299 4362">
     <span class='ocr_line' id='line_1_36' title="bbox 394 3836 1277 3919; baseline 0 -19"><span class='ocrx_word' id='word_1_217' title='bbox 394 3836 562 3900; x_wconf 87' lang='lat' dir='ltr'>Convictus</span> <span class='ocrx_word' id='word_1_218' title='bbox 585 3837 708 3900; x_wconf 89' lang='lat' dir='ltr'>tandem</span> <span class='ocrx_word' id='word_1_219' title='bbox 734 3839 876 3919; x_wconf 90' lang='lat' dir='ltr'>precibus</span> <span class='ocrx_word' id='word_1_220' title='bbox 900 3839 1000 3919; x_wconf 90' lang='lat' dir='ltr'>patris,</span> <span class='ocrx_word' id='word_1_221' title='bbox 1025 3839 1132 3918; x_wconf 88' lang='lat' dir='ltr'>inquit,</span> <span class='ocrx_word' id='word_1_222' title='bbox 1157 3839 1188 3900; x_wconf 91' lang='lat' dir='ltr'>in</span> <span class='ocrx_word' id='word_1_223' title='bbox 1213 3855 1277 3900; x_wconf 91' lang='lat' dir='ltr'>uno</span> 
     </span>
     <span class='ocr_line' id='line_1_37' title="bbox 439 3927 1072 4008; baseline 0.002 -19"><span class='ocrx_word' id='word_1_224' title='bbox 439 3927 512 3989; x_wconf 86' lang='lat' dir='ltr'>Esse</span> <span class='ocrx_word' id='word_1_225' title='bbox 534 3927 625 3990; x_wconf 90' lang='lat' dir='ltr'>thoro</span> <span class='ocrx_word' id='word_1_226' title='bbox 649 3927 742 4008; x_wconf 92' lang='lat' dir='ltr'>cupio</span> <span class='ocrx_word' id='word_1_227' title='bbox 765 3928 914 4008; x_wconf 89' lang='lat' dir='ltr'>temporis</span> <span class='ocrx_word' id='word_1_228' title='bbox 936 3928 1072 3992; x_wconf 89' lang='lat' dir='ltr'>articulo.</span> 
     </span>
     <span class='ocr_line' id='line_1_38' title="bbox 393 4015 1144 4097; baseline 0.003 -21"><span class='ocrx_word' id='word_1_229' title='bbox 393 4015 419 4076; x_wconf 92' lang='grc' dir='ltr'>Α</span> <span class='ocrx_word' id='word_1_230' title='bbox 444 4019 527 4096; x_wconf 91' lang='lat' dir='ltr'>patre</span> <span class='ocrx_word' id='word_1_231' title='bbox 551 4015 657 4095; x_wconf 91' lang='lat' dir='ltr'>pulcra</span> <span class='ocrx_word' id='word_1_232' title='bbox 681 4016 772 4080; x_wconf 88' lang='lat' dir='ltr'>nimis</span> <span class='ocrx_word' id='word_1_233' title='bbox 797 4021 867 4079; x_wconf 90' lang='lat' dir='ltr'>nato</span> <span class='ocrx_word' id='word_1_234' title='bbox 891 4017 981 4097; x_wconf 86' lang='lat' dir='ltr'>virgo</span> <span class='ocrx_word' id='word_1_235' title='bbox 1004 4017 1144 4094; x_wconf 86' lang='lat' dir='ltr'>sociatur,</span> 
     </span>
     <span class='ocr_line' id='line_1_39' title="bbox 341 4102 1118 4186; baseline 0.001 -20"><span class='ocrx_word' id='word_1_236' title='bbox 341 4121 380 4166; x_wconf 85' lang='grc'>000</span> <span class='ocrx_word' id='word_1_237' title='bbox 440 4102 544 4178; x_wconf 91' lang='lat' dir='ltr'>Quam</span> <span class='ocrx_word' id='word_1_238' title='bbox 568 4105 675 4168; x_wconf 90' lang='lat' dir='ltr'>satiare</span> <span class='ocrx_word' id='word_1_239' title='bbox 698 4105 806 4186; x_wconf 90' lang='lat' dir='ltr'>nequit</span> <span class='ocrx_word' id='word_1_240' title='bbox 828 4106 947 4168; x_wconf 90' lang='lat' dir='ltr'>viribus</span> <span class='ocrx_word' id='word_1_241' title='bbox 973 4107 1023 4168; x_wconf 92' lang='lat' dir='ltr'>ille</span> <span class='ocrx_word' id='word_1_242' title='bbox 1046 4107 1118 4169; x_wconf 86' lang='lat' dir='ltr'>suis.</span> 
     </span>
     <span class='ocr_line' id='line_1_40' title="bbox 394 4192 1299 4275; baseline -0.002 -19"><span class='ocrx_word' id='word_1_243' title='bbox 394 4193 468 4272; x_wconf 83' lang='lat' dir='ltr'>Ejus</span> <span class='ocrx_word' id='word_1_244' title='bbox 490 4211 590 4273; x_wconf 90' lang='lat' dir='ltr'>equus</span> <span class='ocrx_word' id='word_1_245' title='bbox 613 4193 720 4258; x_wconf 86' lang='lat' dir='ltr'>lessus.</span> <span class='ocrx_word' id='word_1_246' title='bbox 763 4195 854 4273; x_wconf 89' lang='lat' dir='ltr'>Jubet</span> <span class='ocrx_word' id='word_1_247' title='bbox 877 4195 952 4257; x_wconf 91' lang='lat' dir='ltr'>haec</span> <span class='ocrx_word' id='word_1_248' title='bbox 980 4194 1134 4275; x_wconf 91' lang='lat' dir='ltr'>complere</span> <span class='ocrx_word' id='word_1_249' title='bbox 1157 4192 1299 4268; x_wconf 85' lang='lat' dir='ltr'>diaetam;</span> 
     </span>
     <span class='ocr_line' id='line_1_41' title="bbox 437 4282 1135 4362; baseline 0.001 -18"><span class='ocrx_word' id='word_1_250' title='bbox 437 4283 489 4345; x_wconf 90' lang='lat' dir='ltr'>llle</span> <span class='ocrx_word' id='word_1_251' title='bbox 512 4282 625 4359; x_wconf 85' lang='lat' dir='ltr'>labore,</span> <span class='ocrx_word' id='word_1_252' title='bbox 650 4284 725 4360; x_wconf 90' lang='lat' dir='ltr'>licet,</span> <span class='ocrx_word' id='word_1_253' title='bbox 750 4283 848 4345; x_wconf 89' lang='lat' dir='ltr'>lassus</span> <span class='ocrx_word' id='word_1_254' title='bbox 871 4283 1017 4362; x_wconf 88' lang='lat' dir='ltr'>inersque</span> <span class='ocrx_word' id='word_1_255' title='bbox 1040 4282 1135 4361; x_wconf 86' lang='lat' dir='ltr'>piger.</span> 
     </span>
    </p>
   </div>
   <div class='ocr_carea' id='block_1_7' title="bbox 0 0 1768 5025">
    <p class='ocr_par' dir='ltr' id='par_1_7' title="bbox 0 0 1768 5025">
     <span class='ocr_line' id='line_1_42' title="bbox 0 0 1768 5025; baseline 0 0"><span class='ocrx_word' id='word_1_256' title='bbox 0 0 1768 5025; x_wconf 95' lang='lat' dir='ltr'> </span> 
     </span>
    </p>
   </div>
  </div>
 </body>
</html>
