<?xml version="1.0" encoding="UTF-8"?>
<!DOCTYPE html PUBLIC "-//W3C//DTD XHTML 1.0 Transitional//EN"
    "http://www.w3.org/TR/xhtml1/DTD/xhtml1-transitional.dtd">
<html xmlns="http://www.w3.org/1999/xhtml" xml:lang="en" lang="en">
 <head>
  <title>
</title>
<meta http-equiv="Content-Type" content="text/html;charset=utf-8" />
  <meta name='ocr-system' content='tesseract 3.04.00' />
  <meta name='ocr-capabilities' content='ocr_page ocr_carea ocr_par ocr_line ocrx_word'/>
</head>
<body>
  <div class='ocr_page' id='page_1' title='image "./probenderlatein00ulrigoog_0180.png"; bbox 0 0 3525 5025; ppageno 0'>
   <div class='ocr_carea' id='block_1_1' title="bbox 156 4411 159 4508">
    <p class='ocr_par' dir='ltr' id='par_1_1' title="bbox 156 4411 159 4522">
     <span class='ocr_line' id='line_1_1' title="bbox 156 4411 159 4508; baseline 0 7"><span class='ocrx_word' id='word_1_1' title='bbox 156 4411 159 4508; x_wconf 84' lang='lat' dir='ltr'><strong>l</strong></span> 
     </span>
    </p>
   </div>
   <div class='ocr_carea' id='block_1_2' title="bbox 702 483 946 541">
    <p class='ocr_par' dir='ltr' id='par_1_2' title="bbox 702 483 946 541">
     <span class='ocr_line' id='line_1_2' title="bbox 702 483 946 541; baseline 0.008 -2"><span class='ocrx_word' id='word_1_2' title='bbox 702 483 946 541; x_wconf 78' lang='lat'><strong>—169—</strong></span> 
     </span>
    </p>
   </div>
   <div class='ocr_carea' id='block_1_3' title="bbox 288 653 1358 913">
    <p class='ocr_par' dir='ltr' id='par_1_3' title="bbox 288 653 1358 913">
     <span class='ocr_line' id='line_1_3' title="bbox 288 653 1356 735; baseline -0.002 -15"><span class='ocrx_word' id='word_1_3' title='bbox 288 658 409 720; x_wconf 93' lang='lat' dir='ltr'><strong>bonum</strong></span> <span class='ocrx_word' id='word_1_4' title='bbox 433 659 462 718; x_wconf 93' lang='lat' dir='ltr'><strong>et</strong></span> <span class='ocrx_word' id='word_1_5' title='bbox 483 673 594 718; x_wconf 89' lang='lat' dir='ltr'><strong>sanum</strong></span> <span class='ocrx_word' id='word_1_6' title='bbox 618 654 741 718; x_wconf 90' lang='lat' dir='ltr'><strong>dentem</strong></span> <span class='ocrx_word' id='word_1_7' title='bbox 771 673 864 735; x_wconf 87' lang='lat' dir='ltr'><strong>quem</strong></span> <span class='ocrx_word' id='word_1_8' title='bbox 896 655 946 718; x_wconf 90' lang='lat' dir='ltr'><strong>illa</strong></span> <span class='ocrx_word' id='word_1_9' title='bbox 976 653 1110 720; x_wconf 81' lang='lat' dir='ltr'><strong>ostendit</strong></span> <span class='ocrx_word' id='word_1_10' title='bbox 1140 655 1183 717; x_wconf 91' lang='lat' dir='ltr'><strong>illi</strong></span> <span class='ocrx_word' id='word_1_11' title='bbox 1206 660 1236 719; x_wconf 89' lang='lat' dir='ltr'><strong>et</strong></span> <span class='ocrx_word' id='word_1_12' title='bbox 1257 655 1356 719; x_wconf 87' lang='lat' dir='ltr'><strong>statim</strong></span> 
     </span>
     <span class='ocr_line' id='line_1_4' title="bbox 288 744 1358 824; baseline 0.001 -17"><span class='ocrx_word' id='word_1_13' title='bbox 288 745 412 808; x_wconf 89' lang='lat' dir='ltr'><strong>dentem</strong></span> <span class='ocrx_word' id='word_1_14' title='bbox 441 744 523 807; x_wconf 86' lang='lat' dir='ltr'><strong>illam</strong></span> <span class='ocrx_word' id='word_1_15' title='bbox 555 745 721 824; x_wconf 78' lang='lat' dir='ltr'><strong>asportavit</strong></span> <span class='ocrx_word' id='word_1_16' title='bbox 747 749 777 806; x_wconf 92' lang='lat' dir='ltr'><strong>et</strong></span> <span class='ocrx_word' id='word_1_17' title='bbox 805 744 891 807; x_wconf 87' lang='lat' dir='ltr'><strong>dedit</strong></span> <span class='ocrx_word' id='word_1_18' title='bbox 913 744 1061 808; x_wconf 85' lang='lat' dir='ltr'><strong>leccatori.</strong></span> <span class='ocrx_word' id='word_1_19' title='bbox 1107 745 1180 808; x_wconf 90' lang='lat' dir='ltr'><strong>Non</strong></span> <span class='ocrx_word' id='word_1_20' title='bbox 1203 748 1248 808; x_wconf 88' lang='lat' dir='ltr'><strong>est</strong></span> <span class='ocrx_word' id='word_1_21' title='bbox 1270 744 1358 808; x_wconf 84' lang='lat' dir='ltr'><strong>facile</strong></span> 
     </span>
     <span class='ocr_line' id='line_1_5' title="bbox 288 832 1194 913; baseline 0.001 -16"><span class='ocrx_word' id='word_1_22' title='bbox 288 833 435 897; x_wconf 88' lang='lat' dir='ltr'><strong>credendi</strong></span> <span class='ocrx_word' id='word_1_23' title='bbox 458 834 547 896; x_wconf 89' lang='lat' dir='ltr'><strong>uxori</strong></span> <span class='ocrx_word' id='word_1_24' title='bbox 572 851 629 897; x_wconf 90' lang='lat' dir='ltr'><strong>nec</strong></span> <span class='ocrx_word' id='word_1_25' title='bbox 651 832 788 897; x_wconf 90' lang='lat' dir='ltr'><strong>consiliis</strong></span> <span class='ocrx_word' id='word_1_26' title='bbox 810 832 948 896; x_wconf 83' lang='lat' dir='ltr'><strong>adultere</strong></span> <span class='ocrx_word' id='word_1_27' title='bbox 970 832 1194 913; x_wconf 87' lang='lat' dir='ltr'><strong>acquiescendi.</strong></span> 
     </span>
    </p>
   </div>
   <div class='ocr_carea' id='block_1_4' title="bbox 653 1009 994 1091">
    <p class='ocr_par' dir='ltr' id='par_1_4' title="bbox 653 1009 994 1091">
     <span class='ocr_line' id='line_1_6' title="bbox 653 1009 994 1091; baseline -0.009 -18"><span class='ocrx_word' id='word_1_28' title='bbox 653 1016 703 1073; x_wconf 81' lang='lat'><strong>30.</strong></span> <span class='ocrx_word' id='word_1_29' title='bbox 744 1009 797 1089; x_wconf 91' lang='lat'><strong>[=</strong></span> <span class='ocrx_word' id='word_1_30' title='bbox 822 1010 882 1072; x_wconf 86' lang='grc' dir='ltr'><strong>Νο.</strong></span> <span class='ocrx_word' id='word_1_31' title='bbox 907 1011 994 1091; x_wconf 85' lang='grc'>251.]</span> 
     </span>
    </p>
   </div>
   <div class='ocr_carea' id='block_1_5' title="bbox 232 1134 1359 2551">
    <p class='ocr_par' dir='ltr' id='par_1_5' title="bbox 232 1134 1359 2551">
     <span class='ocr_line' id='line_1_7' title="bbox 381 1134 1357 1216; baseline 0 -17"><span class='ocrx_word' id='word_1_32' title='bbox 381 1136 431 1199; x_wconf 88' lang='lat' dir='ltr'><strong>De</strong></span> <span class='ocrx_word' id='word_1_33' title='bbox 454 1134 588 1215; x_wconf 89' lang='lat' dir='ltr'><strong>quadam</strong></span> <span class='ocrx_word' id='word_1_34' title='bbox 619 1135 728 1198; x_wconf 89' lang='lat' dir='ltr'><strong>iterum</strong></span> <span class='ocrx_word' id='word_1_35' title='bbox 757 1135 885 1198; x_wconf 91' lang='lat' dir='ltr'><strong>muliere</strong></span> <span class='ocrx_word' id='word_1_36' title='bbox 912 1135 1015 1198; x_wconf 90' lang='lat' dir='ltr'><strong>audivi</strong></span> <span class='ocrx_word' id='word_1_37' title='bbox 1044 1136 1139 1216; x_wconf 85' lang='lat' dir='ltr'><strong>quod,</strong></span> <span class='ocrx_word' id='word_1_38' title='bbox 1170 1153 1240 1198; x_wconf 89' lang='lat' dir='ltr'><strong>cum</strong></span> <span class='ocrx_word' id='word_1_39' title='bbox 1265 1136 1357 1200; x_wconf 89' lang='lat' dir='ltr'><strong>habe-</strong></span> 
     </span>
     <span class='ocr_line' id='line_1_8' title="bbox 234 1223 1356 1304; baseline 0 -18"><span class='ocrx_word' id='word_1_40' title='bbox 234 1241 275 1287; x_wconf 72' lang='lat' dir='ltr'><strong>na</strong></span> <span class='ocrx_word' id='word_1_41' title='bbox 290 1229 335 1287; x_wconf 89' lang='lat' dir='ltr'><strong>rct</strong></span> <span class='ocrx_word' id='word_1_42' title='bbox 365 1243 471 1288; x_wconf 89' lang='lat' dir='ltr'><strong>secum</strong></span> <span class='ocrx_word' id='word_1_43' title='bbox 502 1223 668 1304; x_wconf 87' lang='lat' dir='ltr'><strong>quemdam</strong></span> <span class='ocrx_word' id='word_1_44' title='bbox 698 1223 880 1302; x_wconf 82' lang='lat' dir='ltr'><strong>adulterum,</strong></span> <span class='ocrx_word' id='word_1_45' title='bbox 914 1229 943 1287; x_wconf 89' lang='lat' dir='ltr'><strong>et</strong></span> <span class='ocrx_word' id='word_1_46' title='bbox 976 1224 1103 1288; x_wconf 90' lang='lat' dir='ltr'><strong>rnaritus</strong></span> <span class='ocrx_word' id='word_1_47' title='bbox 1130 1223 1256 1288; x_wconf 89' lang='lat' dir='ltr'><strong>vidisset</strong></span> <span class='ocrx_word' id='word_1_48' title='bbox 1285 1242 1356 1288; x_wconf 91' lang='lat' dir='ltr'><strong>eum</strong></span> 
     </span>
     <span class='ocr_line' id='line_1_9' title="bbox 288 1312 1356 1395; baseline 0 -19"><span class='ocrx_word' id='word_1_49' title='bbox 288 1314 319 1376; x_wconf 92' lang='lat' dir='ltr'><strong>in</strong></span> <span class='ocrx_word' id='word_1_50' title='bbox 345 1313 433 1390; x_wconf 88' lang='lat' dir='ltr'><strong>lecto,</strong></span> <span class='ocrx_word' id='word_1_51' title='bbox 456 1313 561 1376; x_wconf 88' lang='lat' dir='ltr'><strong>exieus</strong></span> <span class='ocrx_word' id='word_1_52' title='bbox 584 1312 784 1376; x_wconf 84' lang='lat' dir='ltr'><strong>insidiabatur</strong></span> <span class='ocrx_word' id='word_1_53' title='bbox 806 1313 833 1376; x_wconf 92' lang='lat' dir='ltr'><strong>ei</strong></span> <span class='ocrx_word' id='word_1_54' title='bbox 857 1313 889 1376; x_wconf 90' lang='lat' dir='ltr'><strong>in</strong></span> <span class='ocrx_word' id='word_1_55' title='bbox 909 1313 958 1376; x_wconf 85' lang='lat' dir='ltr'><strong>tali</strong></span> <span class='ocrx_word' id='word_1_56' title='bbox 983 1313 1052 1378; x_wconf 94' lang='lat' dir='ltr'><strong>loco</strong></span> <span class='ocrx_word' id='word_1_57' title='bbox 1076 1314 1161 1394; x_wconf 89' lang='lat' dir='ltr'><strong>quod</strong></span> <span class='ocrx_word' id='word_1_58' title='bbox 1186 1333 1241 1395; x_wconf 87' lang='lat' dir='ltr'><strong>per</strong></span> <span class='ocrx_word' id='word_1_59' title='bbox 1262 1313 1356 1377; x_wconf 88' lang='lat' dir='ltr'><strong>aliurn</strong></span> 
     </span>
     <span class='ocr_line' id='line_1_10' title="bbox 289 1402 1356 1483; baseline -0.001 -17"><span class='ocrx_word' id='word_1_60' title='bbox 289 1421 354 1466; x_wconf 93' lang='lat' dir='ltr'><strong>non</strong></span> <span class='ocrx_word' id='word_1_61' title='bbox 394 1406 512 1483; x_wconf 86' lang='lat' dir='ltr'><strong>poterat</strong></span> <span class='ocrx_word' id='word_1_62' title='bbox 548 1402 685 1464; x_wconf 90' lang='lat' dir='ltr'><strong>transire.</strong></span> <span class='ocrx_word' id='word_1_63' title='bbox 740 1402 853 1465; x_wconf 81' lang='lat' dir='ltr'><strong>Mulier</strong></span> <span class='ocrx_word' id='word_1_64' title='bbox 889 1419 964 1466; x_wconf 89' lang='lat' dir='ltr'><strong>vero</strong></span> <span class='ocrx_word' id='word_1_65' title='bbox 1003 1402 1084 1466; x_wconf 85' lang='lat' dir='ltr'><strong>misit</strong></span> <span class='ocrx_word' id='word_1_66' title='bbox 1117 1402 1155 1466; x_wconf 86' lang='lat' dir='ltr'><strong>ad</strong></span> <span class='ocrx_word' id='word_1_67' title='bbox 1190 1403 1356 1483; x_wconf 86' lang='lat' dir='ltr'><strong>quamdam</strong></span> 
     </span>
     <span class='ocr_line' id='line_1_11' title="bbox 265 1490 1356 1571; baseline 0 -16"><span class='ocrx_word' id='word_1_68' title='bbox 265 1549 268 1555; x_wconf 89' lang='lat'><em>.</em></span> <span class='ocrx_word' id='word_1_69' title='bbox 287 1492 424 1554; x_wconf 90' lang='lat' dir='ltr'><strong>vetulam</strong></span> <span class='ocrx_word' id='word_1_70' title='bbox 447 1491 555 1569; x_wconf 89' lang='lat' dir='ltr'><strong>levam,</strong></span> <span class='ocrx_word' id='word_1_71' title='bbox 579 1491 668 1554; x_wconf 88' lang='lat' dir='ltr'><strong>valde</strong></span> <span class='ocrx_word' id='word_1_72' title='bbox 691 1491 887 1567; x_wconf 89' lang='lat' dir='ltr'><strong>maliciosam‚</strong></span> <span class='ocrx_word' id='word_1_73' title='bbox 916 1510 977 1571; x_wconf 90' lang='lat' dir='ltr'><strong>que</strong></span> <span class='ocrx_word' id='word_1_74' title='bbox 1000 1492 1096 1554; x_wconf 89' lang='lat' dir='ltr'><strong>multa</strong></span> <span class='ocrx_word' id='word_1_75' title='bbox 1117 1490 1238 1571; x_wconf 79' lang='lat' dir='ltr'><strong>sciebat,</strong></span> <span class='ocrx_word' id='word_1_76' title='bbox 1270 1497 1303 1554; x_wconf 90' lang='lat' dir='ltr'><strong>ut</strong></span> <span class='ocrx_word' id='word_1_77' title='bbox 1326 1491 1356 1555; x_wconf 93' lang='lat' dir='ltr'><strong>in</strong></span> 
     </span>
     <span class='ocr_line' id='line_1_12' title="bbox 289 1579 1359 1659; baseline 0.001 -16"><span class='ocrx_word' id='word_1_78' title='bbox 289 1582 352 1644; x_wconf 93' lang='lat' dir='ltr'><strong>hoc</strong></span> <span class='ocrx_word' id='word_1_79' title='bbox 373 1581 502 1644; x_wconf 92' lang='lat' dir='ltr'><strong>articulo</strong></span> <span class='ocrx_word' id='word_1_80' title='bbox 524 1580 642 1659; x_wconf 81' lang='lat' dir='ltr'><strong>iuvaret</strong></span> <span class='ocrx_word' id='word_1_81' title='bbox 663 1599 739 1644; x_wconf 91' lang='lat' dir='ltr'><strong>eam.</strong></span> <span class='ocrx_word' id='word_1_82' title='bbox 779 1579 851 1654; x_wconf 92' lang='lat' dir='ltr'><strong>Que</strong></span> <span class='ocrx_word' id='word_1_83' title='bbox 874 1579 1029 1643; x_wconf 86' lang='lat' dir='ltr'><strong>mandavit</strong></span> <span class='ocrx_word' id='word_1_84' title='bbox 1051 1581 1078 1642; x_wconf 88' lang='lat' dir='ltr'><strong>ei</strong></span> <span class='ocrx_word' id='word_1_85' title='bbox 1103 1585 1136 1644; x_wconf 91' lang='lat' dir='ltr'><strong>ut</strong></span> <span class='ocrx_word' id='word_1_86' title='bbox 1157 1580 1359 1645; x_wconf 88' lang='lat' dir='ltr'><strong>absconderet</strong></span> 
     </span>
     <span class='ocr_line' id='line_1_13' title="bbox 233 1669 1359 1751; baseline 0.002 -19"><span class='ocrx_word' id='word_1_87' title='bbox 233 1685 274 1732; x_wconf 76' lang='lat' dir='ltr'><strong>suu</strong></span> <span class='ocrx_word' id='word_1_88' title='bbox 288 1671 436 1751; x_wconf 87' lang='lat' dir='ltr'><strong>juvenem</strong></span> <span class='ocrx_word' id='word_1_89' title='bbox 466 1673 496 1731; x_wconf 92' lang='lat' dir='ltr'><strong>et</strong></span> <span class='ocrx_word' id='word_1_90' title='bbox 523 1669 673 1732; x_wconf 91' lang='lat' dir='ltr'><strong>transiens</strong></span> <span class='ocrx_word' id='word_1_91' title='bbox 701 1670 802 1732; x_wconf 88' lang='lat' dir='ltr'><strong>vetula</strong></span> <span class='ocrx_word' id='word_1_92' title='bbox 831 1687 934 1732; x_wconf 87' lang='lat' dir='ltr'><strong>coram</strong></span> <span class='ocrx_word' id='word_1_93' title='bbox 966 1669 1075 1732; x_wconf 88' lang='lat' dir='ltr'><strong>marito</strong></span> <span class='ocrx_word' id='word_1_94' title='bbox 1097 1670 1150 1732; x_wconf 89' lang='lat' dir='ltr'><strong>ait:</strong></span> <span class='ocrx_word' id='word_1_95' title='bbox 1181 1670 1359 1735; x_wconf 78' lang='lat' dir='ltr'><strong>„Dominus</strong></span> 
     </span>
     <span class='ocr_line' id='line_1_14' title="bbox 287 1757 1358 1836; baseline 0 -14"><span class='ocrx_word' id='word_1_96' title='bbox 287 1759 328 1822; x_wconf 92' lang='lat' dir='ltr'><strong>sit</strong></span> <span class='ocrx_word' id='word_1_97' title='bbox 351 1763 452 1822; x_wconf 89' lang='lat' dir='ltr'><strong>tecum</strong></span> <span class='ocrx_word' id='word_1_98' title='bbox 476 1762 597 1821; x_wconf 92' lang='lat' dir='ltr'><strong>etcum</strong></span> <span class='ocrx_word' id='word_1_99' title='bbox 621 1759 713 1822; x_wconf 92' lang='lat' dir='ltr'><strong>sociis</strong></span> <span class='ocrx_word' id='word_1_100' title='bbox 735 1759 823 1821; x_wconf 74' lang='lat' dir='ltr'><strong>tuis.u</strong></span> <span class='ocrx_word' id='word_1_101' title='bbox 853 1757 893 1821; x_wconf 79' lang='lat' dir='ltr'><strong>At</strong></span> <span class='ocrx_word' id='word_1_102' title='bbox 909 1758 971 1821; x_wconf 87' lang='lat' dir='ltr'><strong>ille:</strong></span> <span class='ocrx_word' id='word_1_103' title='bbox 998 1758 1104 1833; x_wconf 78' lang='lat' dir='ltr'><strong>„Quid</strong></span> <span class='ocrx_word' id='word_1_104' title='bbox 1128 1758 1212 1836; x_wconf 85' lang='lat' dir='ltr'><strong>dicis,</strong></span> <span class='ocrx_word' id='word_1_105' title='bbox 1236 1758 1358 1822; x_wconf 85' lang='lat' dir='ltr'><strong>vetula?</strong></span> 
     </span>
     <span class='ocr_line' id='line_1_15' title="bbox 287 1847 1358 1928; baseline -0.001 -16"><span class='ocrx_word' id='word_1_106' title='bbox 287 1848 377 1912; x_wconf 91' lang='lat' dir='ltr'><strong>solus</strong></span> <span class='ocrx_word' id='word_1_107' title='bbox 400 1861 498 1910; x_wconf 65' lang='lat' dir='ltr'><strong>sume</strong></span> <span class='ocrx_word' id='word_1_108' title='bbox 540 1847 580 1909; x_wconf 76' lang='lat' dir='ltr'><strong>nt</strong></span> <span class='ocrx_word' id='word_1_109' title='bbox 602 1847 665 1910; x_wconf 88' lang='lat' dir='ltr'><strong>illa:</strong></span> <span class='ocrx_word' id='word_1_110' title='bbox 692 1848 857 1923; x_wconf 69' lang='lat' dir='ltr'><strong>„Domine</strong></span> <span class='ocrx_word' id='word_1_111' title='bbox 881 1847 1029 1927; x_wconf 83' lang='lat' dir='ltr'><strong>ignoscite</strong></span> <span class='ocrx_word' id='word_1_112' title='bbox 1054 1847 1137 1925; x_wconf 90' lang='lat' dir='ltr'><strong>mihi,</strong></span> <span class='ocrx_word' id='word_1_113' title='bbox 1162 1847 1234 1928; x_wconf 89' lang='lat' dir='ltr'><strong>quia</strong></span> <span class='ocrx_word' id='word_1_114' title='bbox 1255 1847 1358 1928; x_wconf 86' lang='lat' dir='ltr'><strong>aliqua</strong></span> 
     </span>
     <span class='ocr_line' id='line_1_16' title="bbox 287 1935 1358 2017; baseline 0.001 -17"><span class='ocrx_word' id='word_1_115' title='bbox 287 1942 336 2000; x_wconf 92' lang='lat' dir='ltr'><strong>est</strong></span> <span class='ocrx_word' id='word_1_116' title='bbox 359 1936 437 1999; x_wconf 92' lang='lat' dir='ltr'><strong>hora</strong></span> <span class='ocrx_word' id='word_1_117' title='bbox 459 1935 519 1998; x_wconf 87' lang='lat' dir='ltr'><strong>diei</strong></span> <span class='ocrx_word' id='word_1_118' title='bbox 544 1936 575 1998; x_wconf 94' lang='lat' dir='ltr'><strong>in</strong></span> <span class='ocrx_word' id='word_1_119' title='bbox 598 1953 661 2016; x_wconf 89' lang='lat' dir='ltr'><strong>qua</strong></span> <span class='ocrx_word' id='word_1_120' title='bbox 688 1936 769 2000; x_wconf 91' lang='lat' dir='ltr'><strong>oculi</strong></span> <span class='ocrx_word' id='word_1_121' title='bbox 798 1936 838 1999; x_wconf 91' lang='lat' dir='ltr'><strong>ita</strong></span> <span class='ocrx_word' id='word_1_122' title='bbox 864 1936 965 2000; x_wconf 91' lang='lat' dir='ltr'><strong>solent</strong></span> <span class='ocrx_word' id='word_1_123' title='bbox 992 1937 1184 2001; x_wconf 84' lang='lat' dir='ltr'><strong>transmutari</strong></span> <span class='ocrx_word' id='word_1_124' title='bbox 1209 1937 1295 2017; x_wconf 90' lang='lat' dir='ltr'><strong>quod</strong></span> <span class='ocrx_word' id='word_1_125' title='bbox 1318 1937 1358 2001; x_wconf 89' lang='lat' dir='ltr'><strong>de</strong></span> 
     </span>
     <span class='ocr_line' id='line_1_17' title="bbox 288 2023 1358 2108; baseline 0.002 -20"><span class='ocrx_word' id='word_1_126' title='bbox 288 2045 355 2088; x_wconf 90' lang='lat' dir='ltr'><strong>una</strong></span> <span class='ocrx_word' id='word_1_127' title='bbox 392 2037 524 2106; x_wconf 89' lang='lat' dir='ltr'><strong>persona</strong></span> <span class='ocrx_word' id='word_1_128' title='bbox 558 2025 692 2088; x_wconf 89' lang='lat' dir='ltr'><strong>creditur</strong></span> <span class='ocrx_word' id='word_1_129' title='bbox 725 2025 813 2106; x_wconf 90' lang='lat' dir='ltr'><strong>quod</strong></span> <span class='ocrx_word' id='word_1_130' title='bbox 846 2025 908 2088; x_wconf 91' lang='lat' dir='ltr'><strong>sint</strong></span> <span class='ocrx_word' id='word_1_131' title='bbox 935 2023 1024 2089; x_wconf 75' lang='lat' dir='ltr'><strong>due.u</strong></span> <span class='ocrx_word' id='word_1_132' title='bbox 1073 2026 1162 2089; x_wconf 85' lang='lat' dir='ltr'><strong>Tunc</strong></span> <span class='ocrx_word' id='word_1_133' title='bbox 1195 2027 1274 2108; x_wconf 87' lang='lat' dir='ltr'><strong>cepit</strong></span> <span class='ocrx_word' id='word_1_134' title='bbox 1308 2026 1358 2090; x_wconf 94' lang='lat' dir='ltr'><strong>ille</strong></span> 
     </span>
     <span class='ocr_line' id='line_1_18' title="bbox 232 2113 1359 2196; baseline 0.002 -21"><span class='ocrx_word' id='word_1_135' title='bbox 232 2115 426 2194; x_wconf 77' lang='lat' dir='ltr'><strong>seocogitare</strong></span> <span class='ocrx_word' id='word_1_136' title='bbox 449 2114 535 2194; x_wconf 92' lang='lat' dir='ltr'><strong>quod</strong></span> <span class='ocrx_word' id='word_1_137' title='bbox 559 2114 637 2177; x_wconf 87' lang='lat' dir='ltr'><strong>torte</strong></span> <span class='ocrx_word' id='word_1_138' title='bbox 661 2115 699 2177; x_wconf 88' lang='lat' dir='ltr'><strong>ita</strong></span> <span class='ocrx_word' id='word_1_139' title='bbox 726 2114 835 2178; x_wconf 91' lang='lat' dir='ltr'><strong>accidit</strong></span> <span class='ocrx_word' id='word_1_140' title='bbox 857 2114 894 2190; x_wconf 89' lang='lat' dir='ltr'><strong>ei,</strong></span> <span class='ocrx_word' id='word_1_141' title='bbox 919 2113 1045 2196; x_wconf 89' lang='lat' dir='ltr'><strong>quando</strong></span> <span class='ocrx_word' id='word_1_142' title='bbox 1068 2114 1145 2179; x_wconf 87' lang='lat' dir='ltr'><strong>vidit</strong></span> <span class='ocrx_word' id='word_1_143' title='bbox 1168 2133 1305 2193; x_wconf 87' lang='lat' dir='ltr'><strong>uxorem,</strong></span> <span class='ocrx_word' id='word_1_144' title='bbox 1329 2119 1359 2178; x_wconf 91' lang='lat' dir='ltr'><strong>at</strong></span> 
     </span>
     <span class='ocr_line' id='line_1_19' title="bbox 288 2203 1357 2284; baseline 0 -18"><span class='ocrx_word' id='word_1_145' title='bbox 288 2205 346 2268; x_wconf 85' lang='lat' dir='ltr'><strong>ivit</strong></span> <span class='ocrx_word' id='word_1_146' title='bbox 368 2208 402 2266; x_wconf 92' lang='lat' dir='ltr'><strong>ut</strong></span> <span class='ocrx_word' id='word_1_147' title='bbox 424 2204 569 2284; x_wconf 90' lang='lat' dir='ltr'><strong>probaret</strong></span> <span class='ocrx_word' id='word_1_148' title='bbox 595 2204 621 2266; x_wconf 91' lang='lat' dir='ltr'><strong>si</strong></span> <span class='ocrx_word' id='word_1_149' title='bbox 646 2203 793 2281; x_wconf 74' lang='lat' dir='ltr'><strong>inesset,</strong></span> <span class='ocrx_word' id='word_1_150' title='bbox 821 2207 851 2266; x_wconf 93' lang='lat' dir='ltr'><strong>et</strong></span> <span class='ocrx_word' id='word_1_151' title='bbox 872 2222 943 2267; x_wconf 89' lang='lat' dir='ltr'><strong>cum</strong></span> <span class='ocrx_word' id='word_1_152' title='bbox 967 2203 1085 2267; x_wconf 87' lang='lat' dir='ltr'><strong>videret</strong></span> <span class='ocrx_word' id='word_1_153' title='bbox 1108 2222 1235 2268; x_wconf 87' lang='lat' dir='ltr'><strong>uxorem</strong></span> <span class='ocrx_word' id='word_1_154' title='bbox 1260 2203 1357 2267; x_wconf 89' lang='lat' dir='ltr'><strong>solam</strong></span> 
     </span>
     <span class='ocr_line' id='line_1_20' title="bbox 287 2292 1359 2374; baseline 0.001 -19"><span class='ocrx_word' id='word_1_155' title='bbox 287 2293 381 2374; x_wconf 89' lang='lat' dir='ltr'><strong>peciit</strong></span> <span class='ocrx_word' id='word_1_156' title='bbox 402 2292 443 2355; x_wconf 94' lang='lat' dir='ltr'><strong>ab</strong></span> <span class='ocrx_word' id='word_1_157' title='bbox 466 2311 502 2354; x_wconf 91' lang='lat' dir='ltr'><strong>ea</strong></span> <span class='ocrx_word' id='word_1_158' title='bbox 524 2292 646 2355; x_wconf 90' lang='lat' dir='ltr'><strong>veniam</strong></span> <span class='ocrx_word' id='word_1_159' title='bbox 669 2292 756 2372; x_wconf 88' lang='lat' dir='ltr'><strong>quod</strong></span> <span class='ocrx_word' id='word_1_160' title='bbox 773 2292 887 2355; x_wconf 89' lang='lat' dir='ltr'><strong>malum</strong></span> <span class='ocrx_word' id='word_1_161' title='bbox 905 2292 1082 2357; x_wconf 86' lang='lat' dir='ltr'><strong>credidisset</strong></span> <span class='ocrx_word' id='word_1_162' title='bbox 1104 2293 1144 2356; x_wconf 86' lang='lat' dir='ltr'><strong>ab</strong></span> <span class='ocrx_word' id='word_1_163' title='bbox 1167 2311 1210 2356; x_wconf 83' lang='lat' dir='ltr'><strong>ea</strong></span> <span class='ocrx_word' id='word_1_164' title='bbox 1243 2293 1359 2372; x_wconf 78' lang='lat' dir='ltr'><strong>Huius·</strong></span> 
     </span>
     <span class='ocr_line' id='line_1_21' title="bbox 286 2380 1359 2446; baseline 0.001 -2"><span class='ocrx_word' id='word_1_165' title='bbox 286 2381 376 2445; x_wconf 90' lang='lat' dir='ltr'><strong>modi</strong></span> <span class='ocrx_word' id='word_1_166' title='bbox 407 2385 510 2444; x_wconf 90' lang='lat' dir='ltr'><strong>autem</strong></span> <span class='ocrx_word' id='word_1_167' title='bbox 540 2380 640 2444; x_wconf 88' lang='lat' dir='ltr'><strong>vetule</strong></span> <span class='ocrx_word' id='word_1_168' title='bbox 672 2381 738 2444; x_wconf 90' lang='lat' dir='ltr'><strong>leve</strong></span> <span class='ocrx_word' id='word_1_169' title='bbox 768 2385 840 2444; x_wconf 91' lang='lat' dir='ltr'><strong>sunt</strong></span> <span class='ocrx_word' id='word_1_170' title='bbox 870 2381 993 2446; x_wconf 91' lang='lat' dir='ltr'><strong>inimice</strong></span> <span class='ocrx_word' id='word_1_171' title='bbox 1021 2381 1134 2446; x_wconf 85' lang='lat' dir='ltr'><strong>Christi</strong></span> <span class='ocrx_word' id='word_1_172' title='bbox 1164 2386 1192 2445; x_wconf 90' lang='lat' dir='ltr'><strong>et</strong></span> <span class='ocrx_word' id='word_1_173' title='bbox 1222 2382 1359 2446; x_wconf 88' lang='lat' dir='ltr'><strong>ministre</strong></span> 
     </span>
     <span class='ocr_line' id='line_1_22' title="bbox 286 2470 904 2551; baseline -0.002 -16"><span class='ocrx_word' id='word_1_174' title='bbox 286 2470 407 2535; x_wconf 90' lang='lat' dir='ltr'><strong>diaboli</strong></span> <span class='ocrx_word' id='word_1_175' title='bbox 430 2474 522 2551; x_wconf 91' lang='lat' dir='ltr'><strong>atque</strong></span> <span class='ocrx_word' id='word_1_176' title='bbox 545 2471 649 2534; x_wconf 90' lang='lat' dir='ltr'><strong>hostes</strong></span> <span class='ocrx_word' id='word_1_177' title='bbox 671 2471 811 2535; x_wconf 86' lang='lat' dir='ltr'><strong>castitatis</strong></span> <span class='ocrx_word' id='word_1_178' title='bbox 834 2518 842 2533; x_wconf 87' lang='lat'><strong>.</strong></span> <span class='ocrx_word' id='word_1_179' title='bbox 865 2519 872 2533; x_wconf 91' lang='lat'><strong>.</strong></span> <span class='ocrx_word' id='word_1_180' title='bbox 897 2520 904 2534; x_wconf 94' lang='lat'><strong>.</strong></span> 
     </span>
    </p>
   </div>
   <div class='ocr_carea' id='block_1_6' title="bbox 673 2667 1015 2748">
    <p class='ocr_par' dir='ltr' id='par_1_6' title="bbox 673 2667 1015 2748">
     <span class='ocr_line' id='line_1_23' title="bbox 673 2667 1015 2748; baseline 0.006 -19"><span class='ocrx_word' id='word_1_181' title='bbox 673 2670 723 2729; x_wconf 86' lang='grc'><strong>31.</strong></span> <span class='ocrx_word' id='word_1_182' title='bbox 766 2667 820 2747; x_wconf 95' lang='lat'><strong>[=</strong></span> <span class='ocrx_word' id='word_1_183' title='bbox 845 2668 905 2731; x_wconf 90' lang='lat' dir='ltr'><strong>No.</strong></span> <span class='ocrx_word' id='word_1_184' title='bbox 930 2668 1015 2748; x_wconf 64' lang='lat'>254.)</span> 
     </span>
    </p>
   </div>
   <div class='ocr_carea' id='block_1_7' title="bbox 233 2790 1361 4281">
    <p class='ocr_par' dir='ltr' id='par_1_7' title="bbox 233 2790 1359 3227">
     <span class='ocr_line' id='line_1_24' title="bbox 233 2790 1358 2870; baseline -0.004 -10"><span class='ocrx_word' id='word_1_185' title='bbox 233 2815 274 2860; x_wconf 80' lang='lat' dir='ltr'><strong>sau</strong></span> <span class='ocrx_word' id='word_1_186' title='bbox 381 2791 496 2855; x_wconf 82' lang='lat' dir='ltr'><strong>Audivi</strong></span> <span class='ocrx_word' id='word_1_187' title='bbox 519 2790 606 2870; x_wconf 89' lang='lat' dir='ltr'><strong>quod</strong></span> <span class='ocrx_word' id='word_1_188' title='bbox 631 2791 717 2854; x_wconf 91' lang='lat' dir='ltr'><strong>multi</strong></span> <span class='ocrx_word' id='word_1_189' title='bbox 745 2790 845 2855; x_wconf 89' lang='lat' dir='ltr'><strong>claudi</strong></span> <span class='ocrx_word' id='word_1_190' title='bbox 869 2796 899 2855; x_wconf 92' lang='lat' dir='ltr'><strong>et</strong></span> <span class='ocrx_word' id='word_1_191' title='bbox 921 2792 1064 2856; x_wconf 86' lang='lat' dir='ltr'><strong>contracti</strong></span> <span class='ocrx_word' id='word_1_192' title='bbox 1088 2797 1298 2855; x_wconf 90' lang='lat' dir='ltr'><strong>convenerunt</strong></span> <span class='ocrx_word' id='word_1_193' title='bbox 1320 2792 1358 2855; x_wconf 85' lang='lat' dir='ltr'><strong>ad</strong></span> 
     </span>
     <span class='ocr_line' id='line_1_25' title="bbox 288 2880 1358 2959; baseline 0 -14"><span class='ocrx_word' id='word_1_194' title='bbox 288 2883 445 2946; x_wconf 91' lang='lat' dir='ltr'><strong>tumulum</strong></span> <span class='ocrx_word' id='word_1_195' title='bbox 469 2880 629 2959; x_wconf 78' lang='lat' dir='ltr'><strong>cuiusdam</strong></span> <span class='ocrx_word' id='word_1_196' title='bbox 656 2882 750 2944; x_wconf 92' lang='lat' dir='ltr'><strong>sancti</strong></span> <span class='ocrx_word' id='word_1_197' title='bbox 775 2885 808 2944; x_wconf 92' lang='lat' dir='ltr'><strong>ut</strong></span> <span class='ocrx_word' id='word_1_198' title='bbox 830 2886 1016 2945; x_wconf 89' lang='lat' dir='ltr'><strong>sanarentur.</strong></span> <span class='ocrx_word' id='word_1_199' title='bbox 1063 2882 1145 2945; x_wconf 90' lang='lat' dir='ltr'><strong>Cum</strong></span> <span class='ocrx_word' id='word_1_200' title='bbox 1168 2885 1269 2944; x_wconf 90' lang='lat' dir='ltr'><strong>autem</strong></span> <span class='ocrx_word' id='word_1_201' title='bbox 1294 2881 1358 2945; x_wconf 91' lang='lat' dir='ltr'><strong>duo</strong></span> 
     </span>
     <span class='ocr_line' id='line_1_26' title="bbox 288 2970 1359 3051; baseline -0.002 -16"><span class='ocrx_word' id='word_1_202' title='bbox 288 2972 421 3035; x_wconf 86' lang='lat' dir='ltr'><strong>tuissent</strong></span> <span class='ocrx_word' id='word_1_203' title='bbox 436 2974 466 3033; x_wconf 89' lang='lat' dir='ltr'><strong>et</strong></span> <span class='ocrx_word' id='word_1_204' title='bbox 485 2988 549 3033; x_wconf 92' lang='lat' dir='ltr'><strong>non</strong></span> <span class='ocrx_word' id='word_1_205' title='bbox 573 2970 758 3050; x_wconf 86' lang='lat' dir='ltr'><strong>recepissent</strong></span> <span class='ocrx_word' id='word_1_206' title='bbox 772 2970 939 3048; x_wconf 88' lang='lat' dir='ltr'><strong>sanitatem,</strong></span> <span class='ocrx_word' id='word_1_207' title='bbox 963 2971 1107 3033; x_wconf 90' lang='lat' dir='ltr'><strong>volebant</strong></span> <span class='ocrx_word' id='word_1_208' title='bbox 1122 2974 1248 3051; x_wconf 91' lang='lat' dir='ltr'><strong>propter</strong></span> <span class='ocrx_word' id='word_1_209' title='bbox 1262 2989 1359 3034; x_wconf 89' lang='lat' dir='ltr'><strong>sacer-</strong></span> 
     </span>
     <span class='ocr_line' id='line_1_27' title="bbox 288 3057 1358 3135; baseline -0.001 -12"><span class='ocrx_word' id='word_1_210' title='bbox 288 3061 395 3124; x_wconf 90' lang='lat' dir='ltr'><strong>dotem</strong></span> <span class='ocrx_word' id='word_1_211' title='bbox 412 3057 562 3135; x_wconf 89' lang='lat' dir='ltr'><strong>recedere,</strong></span> <span class='ocrx_word' id='word_1_212' title='bbox 585 3058 639 3122; x_wconf 88' lang='lat' dir='ltr'><strong>sed</strong></span> <span class='ocrx_word' id='word_1_213' title='bbox 656 3058 744 3122; x_wconf 91' lang='lat' dir='ltr'><strong>valde</strong></span> <span class='ocrx_word' id='word_1_214' title='bbox 763 3059 987 3123; x_wconf 91' lang='lat' dir='ltr'><strong>conturbabant</strong></span> <span class='ocrx_word' id='word_1_215' title='bbox 1002 3060 1158 3123; x_wconf 90' lang='lat' dir='ltr'><strong>ecclesiam</strong></span> <span class='ocrx_word' id='word_1_216' title='bbox 1175 3063 1203 3123; x_wconf 89' lang='lat' dir='ltr'><strong>et</strong></span> <span class='ocrx_word' id='word_1_217' title='bbox 1218 3059 1358 3122; x_wconf 91' lang='lat' dir='ltr'><strong>divinum</strong></span> 
     </span>
     <span class='ocr_line' id='line_1_28' title="bbox 290 3147 1358 3227; baseline -0.002 -14"><span class='ocrx_word' id='word_1_218' title='bbox 290 3149 433 3213; x_wconf 79' lang='lat' dir='ltr'><strong>officium</strong></span> <span class='ocrx_word' id='word_1_219' title='bbox 457 3147 685 3227; x_wconf 80' lang='lat' dir='ltr'><strong>perturbabant</strong></span> <span class='ocrx_word' id='word_1_220' title='bbox 726 3147 851 3222; x_wconf 89' lang='lat' dir='ltr'><strong>Quibus</strong></span> <span class='ocrx_word' id='word_1_221' title='bbox 873 3147 1017 3211; x_wconf 92' lang='lat' dir='ltr'><strong>sacerdos</strong></span> <span class='ocrx_word' id='word_1_222' title='bbox 1039 3149 1092 3211; x_wconf 91' lang='lat' dir='ltr'><strong>ait:</strong></span> <span class='ocrx_word' id='word_1_223' title='bbox 1119 3149 1237 3214; x_wconf 75' lang='lat' dir='ltr'><strong>„Vultis</strong></span> <span class='ocrx_word' id='word_1_224' title='bbox 1259 3150 1358 3212; x_wconf 88' lang='lat' dir='ltr'><strong>sanari</strong></span> 
     </span>
    </p>

    <p class='ocr_par' dir='ltr' id='par_1_8' title="bbox 234 3236 1360 3676">
     <span class='ocr_line' id='line_1_29' title="bbox 234 3236 1359 3319; baseline -0.002 -16"><span class='ocrx_word' id='word_1_225' title='bbox 234 3259 275 3304; x_wconf 78' lang='lat' dir='ltr'><strong>aen</strong></span> <span class='ocrx_word' id='word_1_226' title='bbox 291 3244 327 3302; x_wconf 92' lang='lat' dir='ltr'><strong>ut</strong></span> <span class='ocrx_word' id='word_1_227' title='bbox 349 3237 475 3319; x_wconf 87' lang='lat' dir='ltr'><strong>possitis</strong></span> <span class='ocrx_word' id='word_1_228' title='bbox 497 3255 553 3318; x_wconf 90' lang='lat' dir='ltr'><strong>per</strong></span> <span class='ocrx_word' id='word_1_229' title='bbox 579 3254 636 3301; x_wconf 91' lang='lat' dir='ltr'><strong>vos</strong></span> <span class='ocrx_word' id='word_1_230' title='bbox 659 3236 703 3301; x_wconf 90' lang='lat' dir='ltr'><strong>ire</strong></span> <span class='ocrx_word' id='word_1_231' title='bbox 725 3242 754 3300; x_wconf 91' lang='lat' dir='ltr'><strong>et</strong></span> <span class='ocrx_word' id='word_1_232' title='bbox 776 3238 940 3301; x_wconf 79' lang='lat' dir='ltr'><strong>currere?¹⁴</strong></span> <span class='ocrx_word' id='word_1_233' title='bbox 988 3237 1026 3300; x_wconf 81' lang='lat' dir='ltr'><strong>At</strong></span> <span class='ocrx_word' id='word_1_234' title='bbox 1054 3238 1096 3300; x_wconf 92' lang='lat' dir='ltr'><strong>illi</strong></span> <span class='ocrx_word' id='word_1_235' title='bbox 1120 3238 1359 3319; x_wconf 89' lang='lat' dir='ltr'><strong>responderunt:</strong></span> 
     </span>
     <span class='ocr_line' id='line_1_30' title="bbox 293 3326 1360 3403; baseline -0.003 -9"><span class='ocrx_word' id='word_1_236' title='bbox 293 3328 476 3403; x_wconf 67' lang='lat' dir='ltr'><strong>‚Volumus</strong></span> <span class='ocrx_word' id='word_1_237' title='bbox 505 3326 662 3389; x_wconf 76' lang='lat' dir='ltr'><strong>domine.u</strong></span> <span class='ocrx_word' id='word_1_238' title='bbox 710 3327 799 3389; x_wconf 88' lang='lat' dir='ltr'><strong>Tunc</strong></span> <span class='ocrx_word' id='word_1_239' title='bbox 820 3326 964 3390; x_wconf 88' lang='lat' dir='ltr'><strong>sacerdos</strong></span> <span class='ocrx_word' id='word_1_240' title='bbox 986 3327 1038 3389; x_wconf 87' lang='lat' dir='ltr'><strong>ait:</strong></span> <span class='ocrx_word' id='word_1_241' title='bbox 1066 3328 1216 3392; x_wconf 75' lang='lat' dir='ltr'><strong>„Proicite</strong></span> <span class='ocrx_word' id='word_1_242' title='bbox 1251 3346 1360 3392; x_wconf 89' lang='lat' dir='ltr'><strong>omnes</strong></span> 
     </span>
     <span class='ocr_line' id='line_1_31' title="bbox 290 3415 1358 3497; baseline 0 -17"><span class='ocrx_word' id='word_1_243' title='bbox 290 3416 420 3481; x_wconf 90' lang='lat' dir='ltr'><strong>baculos</strong></span> <span class='ocrx_word' id='word_1_244' title='bbox 434 3420 580 3479; x_wconf 79' lang='lat' dir='ltr'><strong>vestros.¹‘</strong></span> <span class='ocrx_word' id='word_1_245' title='bbox 612 3415 738 3490; x_wconf 91' lang='lat' dir='ltr'><strong>Quibus</strong></span> <span class='ocrx_word' id='word_1_246' title='bbox 752 3415 902 3496; x_wconf 85' lang='lat' dir='ltr'><strong>projectis,</strong></span> <span class='ocrx_word' id='word_1_247' title='bbox 925 3416 980 3480; x_wconf 90' lang='lat' dir='ltr'><strong>ait:</strong></span> <span class='ocrx_word' id='word_1_248' title='bbox 1007 3418 1186 3497; x_wconf 72' lang='lat' dir='ltr'><strong>„Expectate</strong></span> <span class='ocrx_word' id='word_1_249' title='bbox 1202 3417 1358 3481; x_wconf 90' lang='lat' dir='ltr'><strong>modicum</strong></span> 
     </span>
     <span class='ocr_line' id='line_1_32' title="bbox 290 3503 1359 3587; baseline 0.001 -19"><span class='ocrx_word' id='word_1_250' title='bbox 290 3506 393 3569; x_wconf 93' lang='lat' dir='ltr'><strong>donec</strong></span> <span class='ocrx_word' id='word_1_251' title='bbox 408 3503 595 3584; x_wconf 86' lang='lat' dir='ltr'><strong>atter[r]atus</strong></span> <span class='ocrx_word' id='word_1_252' title='bbox 610 3504 699 3584; x_wconf 85' lang='lat' dir='ltr'><strong>ignis,</strong></span> <span class='ocrx_word' id='word_1_253' title='bbox 723 3510 843 3585; x_wconf 89' lang='lat' dir='ltr'><strong>oportet</strong></span> <span class='ocrx_word' id='word_1_254' title='bbox 861 3505 943 3567; x_wconf 92' lang='lat' dir='ltr'><strong>enim</strong></span> <span class='ocrx_word' id='word_1_255' title='bbox 964 3505 1106 3569; x_wconf 90' lang='lat' dir='ltr'><strong>comburi</strong></span> <span class='ocrx_word' id='word_1_256' title='bbox 1130 3525 1167 3569; x_wconf 89' lang='lat' dir='ltr'><strong>ex</strong></span> <span class='ocrx_word' id='word_1_257' title='bbox 1190 3506 1283 3570; x_wconf 90' lang='lat' dir='ltr'><strong>nobis</strong></span> <span class='ocrx_word' id='word_1_258' title='bbox 1305 3507 1359 3587; x_wconf 90' lang='lat' dir='ltr'><strong>qui</strong></span> 
     </span>
     <span class='ocr_line' id='line_1_33' title="bbox 294 3595 1359 3676; baseline 0.001 -19"><span class='ocrx_word' id='word_1_259' title='bbox 294 3595 394 3675; x_wconf 85' lang='lat' dir='ltr'><strong>magis</strong></span> <span class='ocrx_word' id='word_1_260' title='bbox 425 3598 471 3657; x_wconf 90' lang='lat' dir='ltr'><strong>est</strong></span> <span class='ocrx_word' id='word_1_261' title='bbox 499 3598 671 3657; x_wconf 89' lang='lat' dir='ltr'><strong>contractus</strong></span> <span class='ocrx_word' id='word_1_262' title='bbox 694 3598 728 3656; x_wconf 92' lang='lat' dir='ltr'><strong>ut</strong></span> <span class='ocrx_word' id='word_1_263' title='bbox 753 3595 793 3656; x_wconf 91' lang='lat' dir='ltr'><strong>de</strong></span> <span class='ocrx_word' id='word_1_264' title='bbox 821 3595 923 3658; x_wconf 88' lang='lat' dir='ltr'><strong>cinere</strong></span> <span class='ocrx_word' id='word_1_265' title='bbox 946 3596 1085 3675; x_wconf 90' lang='lat' dir='ltr'><strong>corporis</strong></span> <span class='ocrx_word' id='word_1_266' title='bbox 1115 3596 1182 3674; x_wconf 84' lang='lat' dir='ltr'><strong>ejus</strong></span> <span class='ocrx_word' id='word_1_267' title='bbox 1212 3596 1359 3676; x_wconf 92' lang='lat' dir='ltr'><strong>proiciam</strong></span> 
     </span>
    </p>

    <p class='ocr_par' dir='ltr' id='par_1_9' title="bbox 238 3681 1361 4125">
     <span class='ocr_line' id='line_1_34' title="bbox 238 3681 1360 3764; baseline -0.001 -16"><span class='ocrx_word' id='word_1_268' title='bbox 238 3703 279 3748; x_wconf 82' lang='lat' dir='ltr'><strong>em</strong></span> <span class='ocrx_word' id='word_1_269' title='bbox 295 3702 390 3764; x_wconf 87' lang='lat' dir='ltr'><strong>super</strong></span> <span class='ocrx_word' id='word_1_270' title='bbox 412 3681 490 3746; x_wconf 89' lang='lat' dir='ltr'><strong>alios</strong></span> <span class='ocrx_word' id='word_1_271' title='bbox 512 3687 542 3745; x_wconf 87' lang='lat' dir='ltr'><strong>et</strong></span> <span class='ocrx_word' id='word_1_272' title='bbox 563 3687 737 3745; x_wconf 53' lang='lat' dir='ltr'><strong>sanentur!</strong></span> <span class='ocrx_word' id='word_1_273' title='bbox 778 3682 919 3757; x_wconf 88' lang='lat' dir='ltr'><strong>Quilibet</strong></span> <span class='ocrx_word' id='word_1_274' title='bbox 941 3689 1041 3747; x_wconf 90' lang='lat' dir='ltr'><strong>autem</strong></span> <span class='ocrx_word' id='word_1_275' title='bbox 1068 3684 1107 3747; x_wconf 93' lang='lat' dir='ltr'><strong>de</strong></span> <span class='ocrx_word' id='word_1_276' title='bbox 1130 3702 1163 3747; x_wconf 90' lang='lat' dir='ltr'><strong>se</strong></span> <span class='ocrx_word' id='word_1_277' title='bbox 1186 3685 1297 3747; x_wconf 90' lang='lat' dir='ltr'><strong>timens</strong></span> <span class='ocrx_word' id='word_1_278' title='bbox 1321 3703 1360 3747; x_wconf 92' lang='lat' dir='ltr'><strong>ne</strong></span> 
     </span>
     <span class='ocr_line' id='line_1_35' title="bbox 293 3772 1359 3852; baseline -0.002 -17"><span class='ocrx_word' id='word_1_279' title='bbox 293 3773 394 3852; x_wconf 86' lang='lat' dir='ltr'><strong>magis</strong></span> <span class='ocrx_word' id='word_1_280' title='bbox 428 3776 598 3835; x_wconf 90' lang='lat' dir='ltr'><strong>contractus</strong></span> <span class='ocrx_word' id='word_1_281' title='bbox 636 3776 826 3852; x_wconf 86' lang='lat' dir='ltr'><strong>reputaretur</strong></span> <span class='ocrx_word' id='word_1_282' title='bbox 855 3777 885 3835; x_wconf 93' lang='lat' dir='ltr'><strong>et</strong></span> <span class='ocrx_word' id='word_1_283' title='bbox 913 3774 1153 3850; x_wconf 85' lang='lat' dir='ltr'><strong>combureretur,</strong></span> <span class='ocrx_word' id='word_1_284' title='bbox 1193 3773 1272 3852; x_wconf 91' lang='lat' dir='ltr'><strong>cepit</strong></span> <span class='ocrx_word' id='word_1_285' title='bbox 1300 3772 1359 3836; x_wconf 90' lang='lat' dir='ltr'><strong>sibi</strong></span> 
     </span>
     <span class='ocr_line' id='line_1_36' title="bbox 292 3860 1359 3941; baseline -0.004 -16"><span class='ocrx_word' id='word_1_286' title='bbox 292 3860 470 3925; x_wconf 90' lang='lat' dir='ltr'><strong>violentiam</strong></span> <span class='ocrx_word' id='word_1_287' title='bbox 495 3860 615 3939; x_wconf 87' lang='lat' dir='ltr'><strong>inferre,</strong></span> <span class='ocrx_word' id='word_1_288' title='bbox 647 3861 686 3923; x_wconf 86' lang='lat' dir='ltr'><strong>ita</strong></span> <span class='ocrx_word' id='word_1_289' title='bbox 709 3862 795 3941; x_wconf 89' lang='lat' dir='ltr'><strong>quod</strong></span> <span class='ocrx_word' id='word_1_290' title='bbox 819 3880 930 3925; x_wconf 90' lang='lat' dir='ltr'><strong>omnes</strong></span> <span class='ocrx_word' id='word_1_291' title='bbox 960 3862 1052 3925; x_wconf 89' lang='lat' dir='ltr'><strong>simul</strong></span> <span class='ocrx_word' id='word_1_292' title='bbox 1076 3865 1222 3941; x_wconf 88' lang='lat' dir='ltr'><strong>ceperunt</strong></span> <span class='ocrx_word' id='word_1_293' title='bbox 1244 3860 1359 3939; x_wconf 88' lang='lat' dir='ltr'><strong>lugere,</strong></span> 
     </span>
     <span class='ocr_line' id='line_1_37' title="bbox 292 3948 1361 4031; baseline -0.004 -18"><span class='ocrx_word' id='word_1_294' title='bbox 292 3969 349 4014; x_wconf 89' lang='lat' dir='ltr'><strong>nec</strong></span> <span class='ocrx_word' id='word_1_295' title='bbox 381 3967 465 4013; x_wconf 92' lang='lat' dir='ltr'><strong>unus</strong></span> <span class='ocrx_word' id='word_1_296' title='bbox 494 3950 581 4013; x_wconf 90' lang='lat' dir='ltr'><strong>solus</strong></span> <span class='ocrx_word' id='word_1_297' title='bbox 612 3952 757 4013; x_wconf 90' lang='lat' dir='ltr'><strong>remansit</strong></span> <span class='ocrx_word' id='word_1_298' title='bbox 786 3951 839 4031; x_wconf 94' lang='lat' dir='ltr'><strong>qui</strong></span> <span class='ocrx_word' id='word_1_299' title='bbox 870 3951 937 4013; x_wconf 89' lang='lat' dir='ltr'><strong>sine</strong></span> <span class='ocrx_word' id='word_1_300' title='bbox 968 3951 1079 4015; x_wconf 92' lang='lat' dir='ltr'><strong>baculo</strong></span> <span class='ocrx_word' id='word_1_301' title='bbox 1110 3967 1172 4013; x_wconf 93' lang='lat' dir='ltr'><strong>non</strong></span> <span class='ocrx_word' id='word_1_302' title='bbox 1208 3948 1361 4011; x_wconf 88' lang='lat' dir='ltr'><strong>recederet</strong></span> 
     </span>
     <span class='ocr_line' id='line_1_38' title="bbox 292 4036 1360 4125; baseline -0.005 -22"><span class='ocrx_word' id='word_1_303' title='bbox 292 4058 310 4103; x_wconf 94' lang='lat' dir='ltr'><strong>a</strong></span> <span class='ocrx_word' id='word_1_304' title='bbox 339 4040 419 4103; x_wconf 90' lang='lat' dir='ltr'><strong>loco.</strong></span> <span class='ocrx_word' id='word_1_305' title='bbox 468 4038 603 4102; x_wconf 84' lang='lat' dir='ltr'><strong>Pedibus</strong></span> <span class='ocrx_word' id='word_1_306' title='bbox 636 4038 728 4125; x_wconf 88' lang='lat' dir='ltr'><strong>timor</strong></span> <span class='ocrx_word' id='word_1_307' title='bbox 761 4040 882 4104; x_wconf 89' lang='lat' dir='ltr'><strong>addidit</strong></span> <span class='ocrx_word' id='word_1_308' title='bbox 915 4039 985 4102; x_wconf 90' lang='lat' dir='ltr'><strong>alas.</strong></span> <span class='ocrx_word' id='word_1_309' title='bbox 1032 4039 1134 4113; x_wconf 90' lang='lat' dir='ltr'><strong>Quam</strong></span> <span class='ocrx_word' id='word_1_310' title='bbox 1168 4036 1271 4100; x_wconf 88' lang='lat' dir='ltr'><strong>miseri</strong></span> <span class='ocrx_word' id='word_1_311' title='bbox 1306 4036 1360 4115; x_wconf 91' lang='lat' dir='ltr'><strong>qui</strong></span> 
     </span>
    </p>

    <p class='ocr_par' dir='ltr' id='par_1_10' title="bbox 239 4125 1358 4281">
     <span class='ocr_line' id='line_1_39' title="bbox 239 4125 1358 4208; baseline -0.004 -16"><span class='ocrx_word' id='word_1_312' title='bbox 239 4129 399 4208; x_wconf 73' lang='lat' dir='ltr'><strong>rubignem</strong></span> <span class='ocrx_word' id='word_1_313' title='bbox 424 4128 516 4206; x_wconf 85' lang='lat' dir='ltr'><strong>hujus</strong></span> <span class='ocrx_word' id='word_1_314' title='bbox 538 4128 632 4191; x_wconf 90' lang='lat' dir='ltr'><strong>seculi</strong></span> <span class='ocrx_word' id='word_1_315' title='bbox 653 4128 761 4191; x_wconf 92' lang='lat' dir='ltr'><strong>timent</strong></span> <span class='ocrx_word' id='word_1_316' title='bbox 783 4133 812 4191; x_wconf 89' lang='lat' dir='ltr'><strong>et</strong></span> <span class='ocrx_word' id='word_1_317' title='bbox 833 4128 957 4207; x_wconf 89' lang='lat' dir='ltr'><strong>tugiunt</strong></span> <span class='ocrx_word' id='word_1_318' title='bbox 979 4133 1009 4191; x_wconf 92' lang='lat' dir='ltr'><strong>et</strong></span> <span class='ocrx_word' id='word_1_319' title='bbox 1031 4129 1133 4207; x_wconf 87' lang='lat' dir='ltr'><strong>ignem</strong></span> <span class='ocrx_word' id='word_1_320' title='bbox 1158 4125 1358 4205; x_wconf 87' lang='lat' dir='ltr'><strong>gehennalem</strong></span> 
     </span>
     <span class='ocr_line' id='line_1_40' title="bbox 293 4221 531 4281; baseline -0.008 -1"><span class='ocrx_word' id='word_1_321' title='bbox 293 4235 358 4281; x_wconf 94' lang='lat' dir='ltr'><strong>non</strong></span> <span class='ocrx_word' id='word_1_322' title='bbox 382 4221 531 4279; x_wconf 87' lang='lat' dir='ltr'><strong>metuunt</strong></span> 
     </span>
    </p>
   </div>
   <div class='ocr_carea' id='block_1_8' title="bbox 0 0 1768 5025">
    <p class='ocr_par' dir='ltr' id='par_1_11' title="bbox 0 0 1768 5025">
     <span class='ocr_line' id='line_1_41' title="bbox 0 0 1768 5025; baseline 0 0"><span class='ocrx_word' id='word_1_323' title='bbox 0 0 1768 5025; x_wconf 95' lang='lat' dir='ltr'><strong> </strong></span> 
     </span>
    </p>
   </div>
  </div>
 </body>
</html>
