3525 5025
865 545 1079 599 -12.-

616 715 670 779 Vir
691 732 822 795 surgens
845 718 949 797 postes
970 714 1085 779 claudit
1106 718 1135 777 et
1158 714 1209 778 illa
1231 714 1315 779 redit

517 824 558 869 aso
574 805 634 869 llic
656 804 764 869 clamat
785 803 833 867 vel
857 804 1017 884 ignorans:
1040 802 1131 882 ;Quis
1153 804 1276 867 cursitat
1297 802 1386 866 illic?⁴

618 894 743 957 Femina
766 891 940 973 respondit:
964 892 1103 974 ,Sponse
1127 910 1243 973 precor,
1266 892 1390 957 veniam.

573 982 674 1060 Parce,
698 999 821 1062 precor;
846 998 947 1045 resera
968 1000 1077 1058 seram,
1101 999 1141 1045 ne
1165 1000 1214 1045 me
1236 983 1338 1062 gravis
1358 979 1436 1058 algor

616 1071 789 1135 Consumat
812 1070 933 1151 penitus
956 1074 986 1133 et
1008 1070 1123 1133 moriar
1145 1071 1247 1134 borea.

571 1158 654 1225 Cum
677 1178 710 1224 se
734 1162 874 1241 peccator
896 1158 969 1223 dicit
991 1176 1139 1240 peccasse,
1163 1164 1304 1238 meretur,

517 1268 558 1315 auo
620 1251 663 1315 Ut
684 1266 702 1311 a
724 1266 848 1313 summo
872 1252 956 1329 patre
979 1248 1068 1312 detur
1090 1249 1118 1312 ei
1141 1249 1238 1312 venia

574 1340 606 1401 ln
630 1356 719 1401 cruce
742 1337 865 1418 vispilio
888 1338 1009 1401 veniam
1033 1337 1190 1417 quaesivit,
1218 1342 1247 1401 et
1269 1337 1320 1401 ille

617 1426 757 1491 Contulit
780 1426 853 1490 huic
875 1427 984 1491 orbern
1008 1426 1062 1507 qui
1087 1428 1164 1506 regit
1186 1430 1278 1507 atque
1302 1427 1414 1507 polum.

573 1514 710 1590 Quando
732 1514 832 1579 scelus
854 1515 960 1579 sceleri
984 1516 1104 1579 veniam
1128 1515 1254 1594 dederit,
1278 1519 1368 1579 metet
1381 1524 1467 1589 aequa

618 1606 716 1669 lance
741 1604 810 1667 Deo
833 1604 968 1685 veniam;
993 1605 1105 1685 pagina
1127 1623 1211 1669 sacra
1234 1605 1279 1669 sic
1302 1605 1366 1669 lert

518 1714 558 1760 aso
575 1694 657 1774 Ergo
680 1693 755 1756 milri
779 1711 876 1774 parce,
900 1693 955 1757 tibi
979 1694 1064 1774 quod
1090 1698 1191 1775 parcat
1215 1694 1302 1758 Deus
1325 1695 1396 1775 ipse,

618 1784 655 1846 Et
677 1782 773 1847 donet
795 1782 947 1861 meritum,
970 1783 1057 1861 quod
1081 1783 1149 1846 sine
1170 1783 1235 1846 line
1257 1784 1347 1863 viget

573 1872 681 1952 Aspris
705 1875 738 1935 ut
761 1872 816 1934 iste
838 1888 926 1934 suam
951 1872 1053 1935 verbis
1075 1872 1142 1951 eius
1164 1877 1243 1936 serat
1265 1890 1379 1950 aurem,

619 1961 692 2041 Eius
715 1960 853 2041 cognatis
877 1959 932 2023 ista
955 1960 1068 2024 reterre
1091 1960 1206 2039 volens,

573 2049 703 2114 Addidit
725 2050 780 2113 ista
804 2049 902 2112 minas
926 2049 1012 2127 huic;
1035 2067 1069 2112 se
1091 2050 1199 2113 saltare
1222 2050 1356 2113 minatur

519 2160 559 2204 aro
620 2141 653 2202 ln
677 2137 810 2202 fundum
835 2137 926 2218 putei,
954 2138 985 2200 ni
1010 2143 1121 2202 reseret
1143 2139 1267 2203 bifores.

574 2229 629 2292 Vir
652 2245 785 2291 reserare
809 2244 933 2306 negans,
957 2226 1056 2291 statim
1080 2228 1163 2291 videt
1185 2228 1236 2291 illa
1258 2228 1392 2292 chimera

619 2319 787 2380 immanem
811 2319 944 2393 cautcm;
968 2316 1089 2397 projicit
1111 2317 1143 2379 in
1167 2321 1303 2398 puteum.

575 2409 686 2488 ingens
710 2410 835 2486 ruptura
859 2403 970 2485 lapidis
993 2423 1120 2485 quoque
1143 2406 1249 2469 terruit
1270 2406 1358 2469 illum

620 2496 656 2559 iit
678 2494 762 2560 dolet
785 2495 816 2558 in
840 2494 958 2558 flumen
983 2494 1062 2559 hanc
1085 2495 1230 2560 cecidisse
1253 2500 1371 2577 putans.

521 2605 561 2650 aro
577 2586 715 2651 Currens
738 2585 835 2648 veloci
859 2583 1033 2664 depessulat
1056 2585 1133 2648 ostia
1155 2603 1256 2662 cursu,

622 2677 710 2739 lianc
732 2675 849 2738 salvare
871 2673 980 2736 volens
1002 2691 1072 2736 curn
1098 2675 1209 2754 patulis
1231 2674 1337 2739 situlis.

577 2766 661 2829 ilaec
683 2764 769 2845 tigris
792 2763 892 2840 currit,
917 2767 949 2825 ut
972 2766 1074 2842 postes
1098 2763 1194 2843 possit
1216 2763 1300 2826 adire

622 2854 686 2918 iias
710 2852 840 2935 patulas;
864 2850 940 2915 fallit
962 2851 1058 2914 taliter
1080 2850 1131 2914 illa
1154 2853 1263 2917 virum.

576 2943 676 3008 Obice
699 2942 872 3007 consolidat
894 2940 1022 3004 valvam.
1069 2941 1147 3004 Petit
1169 2941 1226 3006 hic
1272 2940 1357 3005 Serat
1378 2952 1464 3003 aures

521 3052 562 3097 ooo
623 3033 707 3095 llaec
729 3048 856 3111 sponsa;
881 3031 996 3111 probra
1018 3048 1089 3092 cum
1113 3029 1290 3109 salibusque
1313 3028 1406 3092 dedit

575 3118 635 3185 Sed
660 3123 821 3200 postquam
836 3119 983 3183 Phoebus
999 3117 1158 3182 madidum
1175 3123 1266 3200 caput
1281 3119 1376 3198 egerit
1391 3115 1478 3181 undis
1522 3139 1525 3146 ·

621 3207 845 3271 flammivomo
867 3208 976 3286 iubare
998 3207 1099 3288 coepit
1121 3208 1209 3271 obire
1231 3208 1342 3285 solum,

577 3298 612 3360 Et
633 3295 738 3359 sellam
763 3295 860 3360 rubeo
885 3297 1030 3378 proprius
1052 3297 1193 3362 convexit
1217 3299 1291 3375 Eoo,

621 3385 702 3449 Cum
728 3385 837 3466 palmis
859 3385 1019 3449 dominam
1044 3386 1307 3466 somniferamque
1329 3386 1428 3466 fugat:

522 3492 562 3538 aas
578 3474 718 3538 Concitat
739 3473 849 3538 aflines
872 3475 947 3538 haec
969 3480 1149 3556 accusatque
1173 3475 1323 3552 maritum,

623 3564 751 3628 Dicens:
775 3564 842 3642 ,iste
866 3581 955 3628 meus
977 3564 1096 3629 fornice
1119 3570 1208 3629 nocte
1232 3565 1308 3628 latet.

579 3653 699 3717 Deserit
722 3652 787 3734 ipse
810 3652 934 3716 thorum
958 3654 1093 3734 stygium
1118 3653 1295 3735 quaerendo
1319 3653 1447 3733 lupanar

622 3742 738 3819 Nocte‘,
762 3758 917 3820 suumque
941 3741 1026 3805 nefas
1048 3743 1152 3824 alligat
1174 3743 1224 3806 illa
1248 3743 1324 3807 viro.

578 3832 696 3896 Allines
720 3830 812 3910 hujus
835 3833 908 3892 tunc
931 3830 1105 3910 corripuere
1129 3832 1271 3895 marimm

523 3937 563 3984 ooo
625 3921 686 3984 Pro
709 3923 802 3983 tanto¹
815 3917 942 3995 scelere;
966 3922 1045 3980 casta
1068 3924 1191 3999 putatur
1212 3932 1263 3984 eas

579 4011 648 4074 Heu
672 4009 779 4072 vitium
804 4009 917 4086 regnat
941 4005 1037 4067 vinus
1060 4009 1266 4087 pessundatur
1287 4009 1379 4085 alma;

623 4099 716 4162 Nulla
739 4097 824 4160 iides'
840 4096 922 4176 justo
944 4093 1005 4172 iam
1024 4092 1120 4174 datur,
1145 4096 1209 4160 imo
1233 4098 1323 4160 malo.

578 4188 720 4253 Calcatur
742 4187 845 4263 virtus,
869 4182 969 4248 scelus
992 4183 1112 4246 mundo
1137 4183 1320 4261 dominatur,

620 4279 695 4356 Justi
718 4276 823 4357 judicii
848 4274 928 4336 linea
951 4286 1085 4343 namque
1108 4271 1193 4346 perit
