3525 5025
685 558 906 611 ..Η-

333 747 379 793 215
397 727 529 791 Luciferi
555 734 652 790 turma
675 728 723 791 cui
749 728 854 807 nequit
876 727 985 790 fraude
1008 744 1128 805 nocere,

443 818 538 880 Hunc
560 817 670 880 mulier
692 816 769 879 tattit
791 815 918 897 vulpide
940 816 1049 880 fraude
1070 834 1135 880 sua

699 958 837 1022 Fabula
860 960 910 1023 Vi.

394 1082 536 1147 Callidus
558 1084 632 1147 atter
654 1087 718 1146 erat
738 1083 866 1162 iuvenis,
891 1084 991 1147 nitens
1013 1082 1137 1147 abolere

443 1173 557 1238 Uxoris
580 1171 712 1235 fraudes
760 1173 853 1235 Hunc
875 1172 998 1253 sapiens
1020 1172 1134 1250 docuit,

397 1264 441 1328 Ut
463 1266 591 1325 strueret
612 1260 746 1325 sublime
769 1261 827 1326 sibi
851 1262 996 1325 conclave
1019 1260 1182 1342 petrinum,

336 1370 379 1413 sao
446 1352 552 1416 Unum
577 1350 728 1431 posticum
753 1350 900 1414 conderet
921 1351 1056 1431 huicque
1078 1349 1191 1413 tonnn.

396 1442 462 1517 iste,
485 1440 569 1503 vetut
590 1439 699 1503 doctus
722 1440 866 1520 sapientis
889 1440 1110 1503 concomitatus

440 1528 615 1592 Consilium
640 1528 735 1592 credit
758 1528 870 1609 pellere
894 1546 986 1609 posse
1009 1527 1109 1593 dolos

394 1616 534 1692 Quando
557 1618 691 1681 deseruit
717 1618 759 1681 ob
783 1635 905 1681 causam
929 1617 1035 1679 iimina
1057 1617 1143 1695 tucri,

441 1706 522 1770 Cum
547 1706 629 1770 terro
651 1706 754 1771 solido
777 1706 925 1770 clauserat
947 1707 1013 1787 ipse
1035 1706 1127 1783 fores,

338 1814 380 1859 aas
396 1796 445 1859 Ne
469 1800 559 1876 queat
581 1796 663 1858 exire
687 1796 805 1859 mulier.
850 1795 936 1861 Stetit
960 1800 1029 1859 ante
1052 1795 1213 1858 fenestram

442 1886 478 1947 Et
500 1885 625 1948 transire
649 1884 731 1948 videt
753 1885 913 1965 egregium
935 1884 1089 1965 iuvenem.

394 1974 480 2037 Num
504 1974 577 2037 sciat
599 1974 726 2037 interius
748 1975 841 2051 visus,
865 1978 991 2037 venator
1012 1973 1136 2051 amoris,

441 2064 473 2126 tn
499 2062 618 2127 mundo
641 2062 789 2144 quicquid
814 2064 880 2143 ipse
902 2062 985 2126 videt
1007 2062 1130 2125 cluere?

397 2152 536 2215 Exterius
558 2152 633 2215 dum
659 2152 764 2233 pulcra
786 2152 876 2230 videt,
901 2156 1004 2215 movet
1027 2150 1169 2216 interiora

340 2258 381 2305 aso
441 2239 563 2319 cordis,
586 2241 630 2305 sic
653 2240 815 2305 dominum
838 2240 915 2304 iatiit
937 2244 966 2303 et
988 2240 1054 2321 ipse
1076 2256 1177 2303 suum.

396 2330 513 2409 Pagina
535 2348 619 2393 sacra
642 2330 745 2393 retert:
768 2330 873 2408 ,Atrox
897 2347 983 2393 mors
1005 2346 1097 2409 saepe
1119 2328 1267 2393 fenestras

442 2419 500 2481 Per
524 2419 641 2499 patulas
664 2419 765 2496 intrat;
790 2436 853 2481 non
878 2436 994 2482 reseres
1017 2418 1105 2481 ideo⁴.

396 2508 480 2571 Hinc
500 2507 622 2589 iuvenis
644 2508 774 2572 nimium
800 2507 937 2572 mulieris
959 2508 1074 2572 viscera
1096 2510 1230 2587 torquet;

442 2598 547 2678 ignitis
570 2597 678 2662 iaculis
701 2598 827 2661 fluctuat
849 2602 940 2678 atque
963 2596 1054 2660 dolet

340 2705 381 2752 au
396 2687 499 2750 Volvit
520 2691 550 2749 et
572 2687 706 2767 ingenio
730 2705 792 2767 qua
813 2704 965 2767 sponsum
989 2686 1092 2749 tallere
1114 2683 1223 2748 fraude

442 2777 526 2839 Haec
550 2781 641 2856 queat
665 2776 715 2856 [et]
739 2776 844 2856 juveni
869 2776 952 2839 basia
975 2779 1059 2855 grata
1082 2773 1163 2838 dare.

396 2865 534 2946 Quoque
557 2865 638 2928 diern
662 2869 769 2946 pensat
791 2868 821 2928 et
843 2865 942 2928 statim
966 2863 1078 2944 reperit
1099 2867 1203 2939 artem,

440 2953 513 3028 Qua
535 2954 629 3016 valuit
652 2955 813 3035 proprium
838 2954 941 3017 tallere
965 2952 1072 3016 fraude
1094 2952 1205 3016 vinrm.

396 3042 462 3106 Sub
486 3043 622 3107 cervicati
647 3043 694 3106 vir
716 3043 814 3107 claves
839 3048 927 3106 nocte
950 3042 1090 3106 recondit

340 3149 381 3195 aro
442 3130 538 3195 Omni
546 3153 554 3211 ;
578 3131 630 3194 dat
652 3132 724 3195 huic
747 3149 875 3195 munera
897 3136 982 3212 grata
1005 3130 1090 3207 meri,

399 3222 441 3286 Ut
463 3220 574 3284 iaciant
595 3226 695 3284 sumta
718 3222 798 3285 bene
820 3220 987 3285 dormitare
1010 3219 1163 3283 maritum.

441 3309 569 3373 Suiiulsi
593 3315 706 3373 recreat
729 3310 875 3390 languida
899 3310 1038 3373 membra
1060 3326 1165 3389 sopor.

396 3398 522 3479 Absque
546 3399 642 3462 modo
665 3403 785 3462 sumtus
808 3399 947 3462 Bacchus
970 3401 1059 3461 nocet
1080 3396 1247 3478 accipienti,

441 3487 501 3551 Sed
525 3492 645 3552 sumtus
668 3488 790 3551 modice
813 3487 865 3550 dat
888 3488 999 3551 melius
1021 3504 1136 3568 sapere.

343 3594 382 3640 aar
399 3576 493 3639 Plena
515 3576 590 3641 doto
615 3577 726 3640 mulier
749 3595 821 3641 mox
844 3577 1028 3641 dormitante
1052 3575 1161 3639 marito

442 3665 585 3743 Surrexit,
610 3666 709 3730 claves
731 3666 855 3730 abstulit
877 3666 951 3729 inde
975 3666 1055 3738 viro:

335 3809 338 3816 .
396 3754 485 3817 Ciam
511 3773 648 3819 reserans
672 3760 783 3836 postes,
808 3773 901 3836 quem
926 3754 1032 3817 dilexit
1055 3753 1128 3834 petit
1150 3752 1250 3829 illum;

440 3844 526 3907 Velle
549 3861 607 3908 suo
631 3848 720 3908 nacto
743 3845 865 3908 cursitat
887 3844 938 3907 ilta
961 3842 1102 3907 domum.

397 3932 450 3995 Vir
473 3951 577 3997 secum
602 3937 720 4014 pensat:
747 3934 842 4010 ,Haec
864 3932 904 3996 ad
928 3931 1004 4013 quid
1028 3930 1124 3994 donat
1147 3930 1276 4010 hia[n]ti‘

345 4036 383 4083 ano
442 4023 572 4085 Munera
594 4027 675 4085 tanta
697 4022 774 4085 tibi?
822 4024 911 4086 Forte
934 4021 1047 4102 Cypris
1069 4019 1138 4083 citat
1161 4019 1247 4081 hanc.

398 4110 429 4173 tn
453 4109 587 4190 quadam
611 4115 700 4175 nocte
723 4129 756 4174 se
780 4111 905 4192 plenum
931 4127 1059 4173 munere
1082 4107 1192 4171 Bacchi

442 4200 582 4263 Finxerat
604 4205 633 4263 et
655 4200 771 4277 somni;
795 4200 894 4279 surgit
915 4203 945 4262 et
968 4197 1020 4260 itia
1041 4197 1133 4260 thoro

399 4289 543 4352 Exercere
566 4290 653 4369 jocos
676 4288 808 4368 gliscens
830 4288 967 4363 Veneris,
991 4286 1074 4348 vetut
1096 4288 1173 4345 ante.
