3525 5025
664 521 908 580 -147—

227 691 414 755 rualsenem!¹
463 693 557 756 ludex
579 695 634 757 ait:
668 693 855 770 „Karissimi
885 693 910 756 si
942 711 1067 758 secums
1096 711 1219 774 possem
1243 710 1318 770 esse,

271 781 347 843 vobis
365 782 464 862 aliqua
487 783 631 860 dicerem,
662 781 745 845 vnde
771 783 905 847 contenti
934 781 1065 846 essetis⁶
1113 781 1164 845 Ait
1187 781 1317 864 primus:

271 869 417 948 ‚Domine
452 872 477 934 si
515 872 619 954 placet,
654 875 837 951 conceptum
871 876 960 934 tuum
994 871 1086 936 nobis
1120 871 1184 935 dic!
1231 871 1319 934 Tunc¹

268 958 400 1022 habemus
437 961 659 1041 responderes
721 960 761 1023 At
798 960 860 1023 ille:
910 960 961 1026 „st
999 961 1147 1024 ammodo
1190 959 1319 1040 quilibet

267 1052 383 1111 vonum
413 1055 495 1112 esset
524 1068 658 1131 persone
688 1067 755 1112 mee
785 1049 825 1112 ita
855 1049 964 1127 lidelis,
998 1049 1076 1113 sicut
1104 1068 1162 1113 vos
1192 1049 1317 1114 insimul

220 1136 332 1214 mestis,
364 1139 516 1217 quamdiu
549 1138 701 1216 viueretis,
737 1139 768 1200 in
799 1138 883 1202 curia
914 1157 981 1202 mea
1010 1139 1123 1212 essetis,
1155 1143 1184 1202 et
1213 1138 1318 1202 omnia

265 1227 434 1290 neccessaria
456 1228 550 1291 vobis
573 1226 799 1308 prouiderem.u
837 1227 890 1290 Ait
912 1228 1043 1307 primus:
1071 1227 1236 1305 „Domine
1260 1243 1318 1308 pro

265 1331 306 1376 me
331 1315 401 1380 volo
432 1317 632 1397 respondere.
685 1315 842 1379 Ammodo
872 1316 965 1380 vobis
998 1315 1129 1380 fideliter
1163 1317 1317 1397 promitto,

264 1403 337 1481 quod
359 1423 533 1486 numquam
563 1404 681 1485 aliquid
712 1405 827 1468 malum
851 1410 956 1469 contra
978 1422 1035 1468 vos
1057 1405 1258 1480 committam
1289 1409 1318 1468 et

263 1491 429 1557 sneccesse
444 1496 546 1572 luerit,
570 1494 650 1558 mori
667 1512 723 1574 pro
738 1493 829 1558 vobis
844 1497 966 1574 paratus
981 1509 1062 1558 ero.a
1099 1493 1150 1556 Ait
1164 1493 1319 1558 secundus

216 1580 365 1644 msocius:
391 1585 449 1649 „fit
464 1602 536 1664 ego,
559 1582 694 1660 domine,
717 1583 847 1646 tirmiter
861 1583 1015 1664 promitto,
1039 1581 1191 1663 quidquid
1215 1583 1318 1648 socius

263 1686 339 1732 meus
359 1672 450 1738 vobis
474 1673 587 1751 iecerit,
612 1673 672 1736 hoc
693 1677 723 1734 et
744 1690 805 1751 ego
828 1672 1019 1752 adimplebo;
1044 1676 1073 1734 et
1094 1671 1120 1734 si
1136 1671 1252 1735 accidat
1269 1690 1319 1736 me

263 1756 289 1818 in
308 1759 409 1840 aliquo
432 1762 625 1842 delinquere,
649 1761 778 1825 libenter
800 1761 971 1842 penitencie
993 1760 1226 1825 subcumbam·
1268 1761 1319 1825 Ait

263 1844 355 1911 iudex:
397 1853 465 1916 „Ex
497 1868 563 1931 quo
597 1850 636 1912 ita
663 1854 716 1927 est,
756 1851 867 1914 ambos
897 1867 953 1914 vos
984 1849 1023 1912 ad
1053 1849 1186 1930 graciam
1218 1867 1316 1913 meam

263 1935 372 2017 recipio,
410 1946 441 2003 et
481 1957 603 2003 mecum
643 1938 812 2016 manebitis,
851 1943 881 2002 et
915 1956 1024 2003 omnes
1062 1939 1318 2018 transgressiones

217 2025 410 2092 intansaetas
431 2029 585 2093 remitto.u
627 2027 748 2092 Omnes
761 2027 920 2092 audientes
945 2026 1184 2092 misericordiam
1209 2027 1319 2092 iudicis

263 2110 338 2176 illum
360 2117 537 2182 laudabant.

601 2294 677 2376 Cap.
704 2300 759 2358 171
791 2293 850 2374 (BL
875 2293 969 2373 96r.).

428 2417 475 2473 De
492 2415 622 2490 ymagine
640 2418 667 2471 et
684 2415 784 2472 clerico
803 2418 829 2472 et
847 2413 967 2487 pallacio
985 2413 1037 2471 sub
1057 2418 1135 2471 terra.

341 2564 410 2629 Erat
440 2563 574 2646 quedam
603 2581 716 2645 ymago
747 2563 778 2626 in
811 2563 932 2626 ciuitate
961 2578 1095 2639 romana,
1131 2579 1193 2642 que
1223 2561 1319 2625 stabat

264 2650 341 2714 rectis
362 2654 497 2734 pedibus
520 2653 712 2733 habebatque
736 2669 862 2715 manum
886 2650 1023 2714 dextram
1048 2656 1211 2727 extensam,
1235 2650 1318 2714 etin

175 2752 176 2818 j
265 2739 356 2804 medio
377 2744 478 2823 digito
493 2747 556 2806 erat
570 2740 795 2822 superscripcio
810 2741 890 2804 talis:
918 2740 1065 2805 „Percute
1081 2740 1163 2803 hic!u
1198 2738 1319 2821 Ymago

220 2823 312 2890 lanista
331 2830 428 2913 longo
450 2836 590 2912 tempore
612 2830 656 2893 sic
670 2831 774 2908 sbbat
798 2848 836 2894 eo
859 2828 947 2910 quod
971 2828 1075 2893 nullus
1097 2828 1218 2906 sciebat,
1242 2828 1317 2908 quid

175 2913 176 2986 l
265 2913 316 2980 hoc
334 2920 529 3001 signiticaret
564 2919 654 2982 Multi
676 2919 827 2982 ammirati
850 2922 931 2996 sunt,
955 2918 1058 2999 sepius
1080 2918 1119 2981 ad
1143 2918 1317 2999 ymaginem

176 3043 177 3060 t
263 3018 402 3073 venerunt
424 3009 520 3074 etsie
543 3013 738 3085 recesserunt,
770 3008 842 3088 quia
869 3006 1165 3088 superscripcionem
1198 3007 1319 3087 penitus

265 3090 444 3171 ignorabant
492 3099 562 3161 Erat
582 3101 655 3161 tunc
678 3097 805 3178 quidam
833 3097 961 3161 clericus
984 3096 1104 3160 subtilis
1127 3095 1223 3173 valde,
1255 3096 1318 3176 qui,

176 3189 177 3192 ’
264 3199 324 3246 cum
344 3187 482 3252 audisset
504 3186 544 3249 de
565 3187 716 3268 ymagine,
741 3187 870 3249 multum
895 3185 1031 3249 solicitus
1046 3190 1109 3247 erat
1123 3202 1189 3247 eam
1206 3184 1318 3248 videre.

221 3277 259 3327 ¹²¹⁵
266 3268 349 3344 Quod
372 3282 403 3341 et
425 3276 503 3340 iecit
536 3276 620 3339 Dum
636 3280 737 3339 autem
754 3293 820 3339 eam
836 3274 963 3338 vidisset
978 3278 1007 3337 et
1022 3273 1318 3355 superscripcionem

265 3358 386 3449 legisset:
414 3365 561 3431 „Percote
584 3365 668 3428 hic!u
694 3364 865 3445 vidensque
889 3364 986 3427 solem
1010 3381 1104 3444 super
1125 3364 1317 3445 yamaginem

265 3453 289 3511 et
307 3472 359 3533 per
372 3454 516 3518 vmbram
540 3454 615 3517 solis
630 3452 820 3517 discernebat
836 3452 977 3533 digitum,
1002 3470 1056 3534 per
1076 3470 1169 3533 quem
1186 3452 1318 3516 dicebat:

267 3538 403 3608 ‚Pereute
419 3543 504 3606 hiel*
541 3542 646 3606 Statim
663 3543 807 3623 tygonem
823 3542 939 3624 accepit
962 3546 991 3604 et
1013 3545 1092 3605 recte
1108 3558 1163 3623 per
1177 3542 1318 3604 umbram

263 3626 338 3709 digiti
361 3639 473 3696 terram
497 3631 638 3713 apperuit
660 3636 690 3694 et
719 3650 773 3713 per
797 3632 833 3694 lll
859 3632 955 3712 pedes
977 3630 1056 3694 inira
1087 3635 1197 3693 terram
1221 3630 1319 3693 iodie·

220 3714 314 3784 nnbat
347 3723 437 3786 Tunc
458 3721 611 3801 quosdam
627 3720 742 3801 gradus
765 3721 891 3784 inuenit.
925 3719 1064 3784 Clericus
1080 3738 1143 3783 non
1160 3718 1318 3783 modicum

263 3811 392 3884 gaudens
420 3828 543 3891 semper
572 3810 721 3889 gradatim
752 3809 923 3886 descendit,
957 3826 1121 3890 quousque
1151 3808 1210 3873 sub
1242 3813 1320 3872 terra

264 3898 358 3964 nobile
382 3900 532 3981 palacium
557 3899 681 3962 invenit.
727 3899 838 3962 Aulam
871 3898 993 3961 intrauit
1016 3897 1187 3979 vidensque
1215 3916 1318 3977 regem

263 3990 287 4047 et
310 3990 446 4069 reginam
477 4006 512 4051 ac
542 3988 657 4051 multos
679 3988 800 4051 nobiles
827 3988 990 4051 inmensa
1020 3988 1161 4051 sedentes
1189 3986 1320 4066 respexit

178 4001 181 4174 i
264 4074 501 4159 circumquaque,
536 4077 613 4140 vidit
641 4080 734 4139 totam
768 4076 891 4157 [aulam]
926 4074 1106 4140 hominibus
1129 4076 1260 4157 plenam,
1291 4080 1321 4138 et

178 4183 179 4194 ¹
220 4170 363 4231 lmomnes
406 4165 503 4229 induti
543 4170 627 4229 erant
660 4165 849 4228 vestimentis
883 4164 1043 4245 preciosis,
1081 4169 1111 4227 et
1145 4162 1249 4226 nullus
1282 4181 1319 4225 ex

178 4249 179 4304 l
263 4252 435 4321 hominibus
459 4256 642 4335 loquebatur
664 4255 691 4317 ei
715 4254 840 4317 unicum
864 4254 1003 4316 verbum.
1041 4253 1185 4331 Viditque
1209 4250 1240 4312 in
1256 4267 1320 4314 vno

1161 4368 1213 4422 to·

179 4451 181 4572 l
