3525 5025
671 500 911 560 ——lrs—

280 674 300 737 si
323 692 419 736 verum
449 674 610 737 dixerim.⁶¹
660 676 695 737 Et
721 675 766 738 sic
792 674 904 738 factum
932 679 985 739 est.
1031 675 1208 739 Maleiactor
1235 694 1322 740 oscu-

280 763 344 825 latus
373 768 415 827 est
448 782 530 842 earn,
569 782 673 827 corarn
712 763 860 827 omnibus
895 764 1002 827 cecidit
1035 768 1065 827 et
1102 770 1242 829 mortuus
1270 770 1322 829 est

278 851 443 916 allexander
476 854 534 916 hec
568 852 741 934 percipiens
776 853 954 933 magistrum
986 870 1077 917 suum
1113 854 1192 918 miro
1227 855 1322 918 modo

279 940 409 1020 laudabat,
432 942 485 1022 qui
511 960 583 1005 eum
598 960 617 1003 a
633 946 731 1004 morte
755 942 903 1006 liberauit
941 941 1076 1005 Puellam
1094 944 1181 1006 matri
1198 944 1321 1007 remisit.

626 1137 700 1219 cap.
728 1145 767 1199 aa
793 1138 851 1216 (aa.
877 1138 950 1217 aa).

610 1258 653 1315 De
670 1258 810 1315 sacerdote
828 1262 855 1313 et
873 1258 973 1315 riuulo.

239 1406 258 1450 a
353 1390 419 1452 Erat
441 1388 568 1469 quidam
594 1388 766 1468 imperator,
793 1387 824 1450 in
849 1387 936 1450 cuius
960 1387 1089 1468 imperio
1113 1392 1175 1451 erat
1197 1388 1322 1468 quidam

277 1479 400 1541 sacerdos
422 1477 568 1555 lubricus,
599 1477 653 1557 qui
678 1495 734 1557 per
756 1476 816 1540 hoc
838 1477 979 1540 subditos
1003 1476 1185 1540 multociens
1209 1481 1324 1559 pertur-

277 1568 354 1645 bauit,
382 1573 411 1630 et
441 1586 497 1647 per
528 1567 589 1629 hoc
619 1565 813 1630 scandalizati
844 1565 975 1628 multum
1007 1568 1099 1628 eraut.
1146 1566 1216 1629 Erat
1245 1584 1324 1630 unus

277 1657 480 1735 parochialium
504 1674 644 1733 suorum,
676 1655 730 1734 qui
755 1672 914 1733 nunquam
947 1655 1091 1718 interesse
1113 1656 1211 1719 voluit
1233 1655 1324 1719 misse

277 1746 366 1825 ipsius,
396 1746 473 1807 dum
497 1744 669 1808 celebrauit.
715 1744 834 1808 Accidit
856 1744 992 1823 quodam
1022 1744 1072 1807 die
1094 1744 1214 1823 testiu0,
1237 1744 1322 1824 quod

238 1839 398 1915 utempore
428 1835 521 1897 misse
550 1834 617 1897 eius
640 1833 726 1896 solus
757 1833 788 1895 in
813 1850 923 1913 campo
953 1832 1163 1898 deambularet
1188 1838 1217 1897 et
1245 1834 1324 1897 miro

277 1924 359 1987 modo
391 1923 523 2000 siciebat,
559 1923 591 1985 in
622 1926 738 1985 tantum
772 1922 858 2002 quod
890 1921 1050 1986 videbatur
1080 1922 1106 1985 ei
1142 1922 1230 2000 mori,
1265 1924 1323 1986 nisi

277 2017 365 2091 posset
385 2014 465 2076 sitim
490 2012 677 2091 extinguere.
716 2010 842 2088 Accidit,
866 2011 942 2074 dum
965 2010 1158 2089 ambulasset,
1181 2011 1263 2075 venit
1285 2012 1323 2074 ad

276 2102 415 2180 quendam
432 2101 569 2164 riuulum
586 2100 743 2182 purissimi
760 2100 862 2163 tontis.
895 2100 970 2174 Quo
986 2100 1053 2164 viso
1078 2100 1189 2181 incepit
1204 2102 1325 2165 haurire

276 2195 298 2252 et
316 2192 427 2255 fortiter
449 2190 566 2255 bibere.
605 2189 666 2253 Sed
682 2207 753 2252 cum
769 2189 839 2270 plus
862 2194 1011 2269 gustasset
1033 2193 1062 2253 et
1085 2189 1218 2267 bibisset,
1242 2194 1324 2253 tanto

237 2295 256 2339 ru
275 2280 421 2343 ardencius
443 2280 577 2343 siciebat
624 2279 703 2342 intra
726 2296 760 2341 se
781 2278 989 2341 admirabatur
1011 2282 1039 2341 et
1062 2278 1149 2341 dixit:
1176 2316 1189 2343 n
1197 2279 1323 2343 Fontem

277 2369 356 2432 huius
391 2368 483 2432 riuuli
522 2386 652 2447 querere
689 2366 800 2431 votolu
865 2366 950 2429 Dum
988 2372 1088 2430 autem
1127 2367 1324 2444 ambulasset,

275 2458 406 2522 obuiabat
421 2459 448 2522 ei
465 2458 592 2538 quidam
609 2474 702 2521 senex
721 2456 848 2538 pulcher
863 2455 952 2520 valde
968 2460 996 2520 et
1009 2456 1050 2520 ait
1064 2457 1104 2521 ei:
1132 2456 1324 2535 ‚rltarissime

275 2567 329 2626 quo
356 2549 498 2611 tendisPl
547 2546 613 2620 Qui
642 2547 696 2609 ait:
734 2547 837 2612 „Vltra
867 2564 960 2626 quam
996 2547 1078 2610 credi
1113 2550 1212 2628 potest
1241 2547 1325 2610 sicto.

276 2637 369 2700 lnueni
392 2655 489 2700 vnum
519 2636 654 2698 riuutum
678 2654 766 2715 aque,
799 2636 927 2715 dequo
951 2636 1034 2712 bibo,
1065 2640 1094 2699 et
1117 2641 1233 2715 quanto
1257 2635 1326 2716 plus

234 2741 254 2785 ru
273 2725 347 2804 bibo,
369 2731 452 2790 tanto
475 2725 609 2806 amplius
631 2725 719 2788 sicto·
765 2724 837 2788 ldeo
860 2725 976 2788 iontem
999 2724 1080 2788 illius
1104 2725 1194 2788 riuuli
1218 2743 1325 2804 quero,

274 2819 302 2876 ut
321 2816 356 2878 de
378 2817 463 2879 tonte
487 2814 601 2892 bibam,
625 2815 650 2877 si
667 2814 748 2877 sitim
765 2814 942 2893 extinguere
965 2814 1110 2894 possimt
1148 2814 1198 2876 hit
1220 2831 1325 2877 senex:

276 2905 360 2968 „Ecce
383 2905 434 2967 hic
456 2908 502 2967 est
525 2902 605 2981 fons,
628 2904 668 2965 de
691 2921 756 2984 quo
781 2902 900 2965 riuulus
924 2902 974 2966 ille
997 2903 1147 2983 procedit!
1193 2902 1253 2966 Sed
1277 2902 1327 2966 dic

191 3036 192 3063 ἶ
273 2993 362 3073 michi,
393 3011 490 3075 quare
517 3010 588 3056 curn
616 2992 684 3055 aliis
707 2991 877 3055 christianis
907 2992 945 3054 ad
970 2991 1159 3055 audiendum
1183 2991 1325 3054 diuinum

272 3081 399 3146 officium
431 3080 589 3146 ecclesiam
620 3099 684 3144 non
716 3081 866 3143 intrasti!u
915 3081 979 3155 Qui
1012 3080 1183 3162 respondit:
1221 3081 1326 3158 overe,

231 3170 396 3251 udomine,
420 3172 494 3251 quia
516 3171 659 3234 sacerdos
676 3173 780 3234 noster
794 3170 993 3233 execrabilem
1010 3169 1094 3232 ducit
1116 3170 1215 3246 vitam,
1240 3171 1326 3250 quod

272 3259 363 3339 ipsum
388 3279 452 3324 non
476 3259 570 3325 credo
594 3260 728 3322 mundas
751 3259 859 3322 missas
875 3263 905 3321 et
919 3259 979 3322 deo
1003 3258 1126 3340 placitas
1144 3258 1323 3322 celebraret

271 3348 314 3410 hd
334 3369 427 3430 quem
451 3366 557 3413 senex:
592 3347 644 3416 „Si
668 3365 743 3429 ergo
767 3352 800 3410 tu
824 3348 902 3425 sicis,
927 3347 1065 3424 vidicis,
1093 3366 1162 3410 ecce
1185 3347 1264 3425 tons,
1288 3348 1327 3411 de

271 3456 328 3517 quo
349 3445 408 3502 tarn
433 3438 534 3501 dulcis
556 3456 637 3517 aqua
660 3437 753 3500 riuuli
778 3437 922 3517 procedit,
947 3437 986 3500 de
1009 3455 1071 3518 qua
1095 3436 1232 3499 bibistilt
1255 3437 1327 3504 Res-

271 3528 345 3606 pexit
356 3529 405 3592 ille
417 3528 589 3606 vidensque
601 3545 707 3589 canem
724 3526 939 3589 fetidissimum
953 3526 1115 3589 habentem
1128 3544 1164 3589 os
1179 3529 1326 3606 apertum,

228 3631 319 3696 uper
346 3619 434 3681 cuius
463 3634 500 3679 os
531 3620 561 3679 et
589 3616 697 3679 dentes
726 3616 826 3678 tocius
855 3615 950 3680 tontis
984 3615 1136 3695 scaturigo
1169 3616 1329 3679 emanabat

270 3706 447 3770 mirabiliter.
494 3705 591 3779 Quod
615 3705 692 3767 dum
716 3704 768 3766 ille
791 3704 996 3786 perspicacius
1019 3704 1203 3784 agnouisset,
1228 3709 1328 3768 mente

269 3796 410 3860 contusus
425 3796 561 3876 expauit;
584 3798 649 3857 toto
665 3812 796 3875 corpore
811 3795 1043 3875 pertremiscens
1059 3798 1186 3873 propter
1200 3795 1327 3858 fetorem

269 3902 327 3947 non
350 3885 482 3950 audebat
508 3888 631 3964 gustare
653 3887 683 3946 et
706 3884 786 3947 miro
810 3883 907 3946 modo
929 3883 1061 3946 siciebat.
1108 3882 1211 3956 Quem
1236 3902 1328 3946 senex

269 3973 384 4038 intuens
406 3975 447 4037 ait
470 3973 530 4036 illi:
564 3972 656 4038 „Noli
680 3973 794 4050 timere,
819 3972 893 4052 quia
915 3972 1023 4053 potasti
1047 3971 1086 4034 de
1110 3972 1212 4035 riuulo
1237 3972 1329 4035 huius

226 4061 370 4126 autentis!
417 4063 542 4127 Nullam
567 4063 651 4125 enirn
675 4062 846 4125 molestiam
877 4061 932 4124 tibi
961 4061 1148 4141 generabit.t
1199 4061 1250 4124 llle
1273 4060 1329 4123 hec

268 4152 392 4216 audiens
413 4152 554 4232 gustauit,
589 4151 670 4213 sitim
701 4150 850 4231 extinguit
876 4154 906 4212 et
931 4150 983 4213 ait:
1022 4150 1072 4216 „0
1103 4150 1237 4226 domine,
1267 4154 1326 4211 lam

268 4240 384 4304 dulcem
408 4260 520 4322 aquam
545 4258 705 4320 nunquam
730 4240 808 4302 bibit
831 4239 959 4303 homo«
1008 4239 1072 4313 Qui
1096 4239 1148 4300 ait:
1181 4238 1239 4317 (Βί.
1265 4238 1327 4315 όν.)

1171 4357 1205 4409 3.
