3525 5025
671 504 892 563 ..51-

262 698 342 743 suum
354 698 472 760 corpus,
488 684 523 742 ut
534 679 675 743 comedat
687 677 771 756 illud,
784 678 890 741 dicens
901 678 943 740 ei:
958 678 1009 741 Sic
1020 678 1102 755 volo,
1113 677 1241 741 domine
1253 696 1314 755 rex,

263 774 291 831 ut
301 788 345 832 me
356 770 497 833 comedas
509 774 539 831 et
551 786 615 831 non
628 768 767 831 moriaris
779 767 868 829 tame.
886 768 922 829 lit
929 766 1056 846 quando
1067 766 1111 831 sic
1120 766 1236 844 dixerit,
1248 784 1315 829 sur-

221 879 253 937 ²⁴⁰
264 864 307 937 gat
316 859 385 921 alter
395 863 423 921 et
434 858 514 921 dicat
525 857 625 921 simile
637 858 765 920 verbum
776 860 806 919 et
814 857 917 919 salvus
928 856 981 919 liat
991 855 1095 919 socius
1103 873 1191 933 suus;
1204 862 1232 918 et
1243 855 1315 919 laci-

263 952 336 1011 entes
346 948 396 1025 sic,
411 965 521 1011 omnes
536 945 775 1026 adimplebimus
787 945 931 1025 placitum
948 945 1037 1025 regis,
1053 944 1162 1008 eteius
1176 962 1313 1007 amorem

263 1037 449 1117 acquiremus
486 1037 522 1098 lit
535 1040 677 1098 vocantes
693 1035 852 1111 camelum,
876 1038 1086 1114 exposuerunt
1104 1034 1165 1097 hoc
1179 1034 1206 1096 ei
1222 1051 1314 1096 suum

264 1126 420 1207 consilium,
444 1126 493 1189 cui
510 1124 634 1205 placuit;
659 1128 688 1187 et
702 1128 869 1203 surgentes,
893 1129 1042 1185 venerunt
1061 1122 1101 1185 ad
1118 1122 1247 1186 leonem.

342 1214 428 1295 Cepit
450 1214 552 1293 itaque
575 1231 686 1276 corvus
709 1213 794 1291 loqui
811 1230 914 1275 coram
931 1212 1021 1275 leone
1035 1211 1154 1275 dicens:
1180 1211 1315 1275 Domine

222 1322 318 1379 suren,
340 1304 395 1365 iam
418 1304 457 1365 ad
474 1306 604 1365 mortem
629 1301 801 1383 pervenisti,
825 1305 854 1363 et
877 1301 1007 1379 requiris
1031 1300 1241 1364 liberationem
1265 1305 1316 1363 tue

266 1410 394 1471 persone;
433 1410 491 1455 nos
523 1395 624 1454 autem
655 1390 741 1454 decet
774 1390 828 1453 tibi
863 1390 982 1452 tradere
1016 1407 1162 1470 personas
1197 1394 1316 1453 nostras

265 1486 376 1561 propter
397 1480 638 1545 misericordiam
660 1498 753 1558 quam
778 1483 809 1541 tu
834 1478 927 1542 nobis
949 1478 1102 1542 contulisti
1127 1497 1164 1541 ex
1186 1478 1315 1557 antiquo

265 1574 395 1650 tempore.
418 1571 498 1633 Nam
515 1570 547 1631 in
564 1574 592 1632 te
608 1569 741 1631 viximus
756 1573 785 1630 et
800 1568 991 1648 speravimus
1006 1567 1108 1631 vivere
1124 1584 1182 1631 nos
1198 1584 1315 1645 omnes,

265 1660 355 1738 etqui
378 1664 448 1723 sunt
471 1662 542 1739 post
565 1675 623 1721 nos
646 1657 815 1721 successuri
822 1678 829 1734 ;
854 1674 938 1718 nunc
960 1656 1033 1720 volo
1049 1660 1083 1718 ut
1097 1655 1242 1719 comedas
1257 1674 1315 1719 me.

223 1766 254 1811 un
268 1747 298 1809 Et
317 1748 501 1828 respondens
525 1748 618 1827 lupus
640 1746 681 1809 ait
703 1746 759 1809 illi:
791 1745 860 1823 Sile,
884 1763 983 1808 corve.
1029 1746 1102 1808 Non
1126 1745 1209 1808 enim
1233 1745 1316 1808 bona

266 1841 303 1899 est
323 1842 370 1899 tua
391 1856 469 1915 caro,
498 1840 528 1899 et
550 1854 607 1899 nec
634 1836 697 1915 regi
727 1834 896 1915 proficeret,
926 1834 999 1913 quia
1022 1834 1100 1896 mala
1123 1850 1194 1897 caro
1217 1833 1317 1896 reddit

264 1926 462 2004 egritudinem.
493 1924 577 1989 Caro
600 1943 674 1988 vero
691 1942 759 1987 mea
774 1924 858 1987 bona
880 1927 937 2000 est;
961 1941 1045 1986 nunc
1059 1927 1160 1985 autem
1177 1922 1317 1986 comedat

265 2032 306 2075 me
332 2015 475 2079 dominus
503 2032 565 2077 rex.
612 2015 648 2076 Et
678 2013 870 2092 respondens
900 2030 1025 2089 corvus,
1055 2012 1097 2074 ait
1123 2012 1212 2091 lupo:
1243 2012 1315 2075 Non

265 2104 335 2165 enim
357 2109 400 2168 est
421 2123 492 2167 caro
516 2108 567 2165 tua
583 2103 679 2179 bona;
703 2102 893 2182 quicumque
908 2100 990 2163 enim
1007 2100 1072 2163 vult
1087 2119 1120 2164 se
1139 2099 1316 2177 interficere,

224 2193 391 2256 uncomedat
420 2193 459 2255 de
487 2210 577 2255 came
604 2196 663 2270 tua,
694 2191 842 2270 quoniam
874 2208 947 2253 mox
976 2190 1032 2253 erit
1058 2189 1235 2254 suffocatus.
1281 2190 1317 2251 Et

267 2283 441 2360 respondens
464 2282 573 2361 vulpes
596 2281 649 2343 ait:
673 2279 813 2343 Comede
830 2297 888 2356 me,
911 2279 1039 2342 domine
1062 2297 1127 2354 rex;
1151 2280 1224 2358 quia
1245 2296 1316 2341 caro

266 2388 323 2431 mea
343 2372 463 2434 saciabit
486 2376 524 2432 le.
564 2370 599 2432 Et
623 2369 815 2448 respondens
831 2368 924 2448 lupus
946 2367 987 2430 ait
1009 2368 1050 2431 ei:
1074 2367 1144 2441 Sile,
1168 2368 1315 2447 quoniam

267 2476 326 2522 caro
346 2464 394 2523 tua
417 2459 540 2542 putrida
562 2462 614 2536 est
639 2462 668 2521 et
690 2462 796 2522 venter
810 2461 881 2521 tuus
905 2458 1016 2538 plenus
1038 2461 1084 2521 est
1104 2455 1245 2521 sordicie.
1282 2457 1317 2520 lit

267 2549 394 2613 estimans
416 2550 551 2614 camelus
574 2549 675 2627 miser,
699 2547 786 2628 quod
802 2547 930 2626 quando
945 2547 1057 2610 diceret
1072 2547 1171 2610 simile
1186 2547 1315 2610 verbum

225 2639 450 2717 ruresponderet
473 2639 500 2700 ei
525 2637 670 2715 similiter,
694 2642 727 2699 ut
749 2654 820 2698 cum
837 2636 881 2699 eis
897 2636 1073 2713 salvaretur;
1097 2639 1126 2699 et
1148 2635 1266 2716 aperuit
1281 2653 1317 2698 os

267 2743 345 2788 suurn
368 2729 397 2789 in
420 2728 468 2792 sui
493 2725 706 2810 preiudiciqm
730 2724 848 2789 dicens:
872 2724 1028 2788 Comedas
1047 2743 1097 2787 me
1112 2724 1240 2787 domine
1256 2743 1316 2802 rex,

267 2817 397 2892 quoniam
420 2816 538 2879 satiabo
561 2819 598 2892 te,
629 2819 658 2878 et
686 2818 792 2877 venter
818 2832 907 2877 meus
934 2814 1044 2894 plenus
1067 2819 1111 2876 est
1133 2812 1258 2890 deliciis,
1289 2817 1318 2875 et

268 2903 353 2968 habeo
375 2906 493 2969 bonum
517 2923 627 2985 sepum
651 2908 681 2968 et
702 2903 894 2983 sanguinem.
929 2902 1069 2966 Comede
1085 2921 1143 2979 me,
1167 2920 1249 2982 ergo,
1274 2902 1316 2965 mi

268 2991 380 3057 domine
401 3014 461 3058 rex.
502 2994 562 3057 Cui
587 3011 697 3056 omnes
721 2992 958 3073 responderunt:
983 2991 1065 3054 Bene
1081 2992 1201 3054 locutus
1224 3009 1265 3068 es,
1288 2995 1318 3054 et

226 3083 402 3146 essentialiter
434 3083 540 3147 iecisti.
598 3082 662 3156 Qui
697 3098 807 3145 omnes
845 3080 1021 3160 congregati
1059 3080 1207 3144 adversus
1244 3099 1316 3143 eum

268 3168 474 3236 devoraverunt
498 3173 610 3253 ipsum,
638 3190 708 3234 cum
732 3170 839 3234 fuisset
862 3171 922 3233 hoc
945 3169 1009 3248 regi
1032 3169 1121 3232 valde
1144 3169 1316 3233 molestum.
1405 3250 1411 3256 ‚

653 3323 680 3376 4.
718 3312 770 3392 [ε
796 3313 825 3377 s,
851 3312 915 3391 aa]

344 3440 408 3502 Fuit
430 3439 557 3519 quidam
574 3443 724 3501 mercator
747 3437 777 3499 in
801 3441 879 3499 terra
897 3436 1007 3514 Persic,
1031 3437 1172 3516 quicum
1195 3437 1318 3500 haberet

268 3541 379 3590 uxorem
396 3548 456 3609 que
472 3527 634 3591 adamabat
649 3527 751 3603 alium,
768 3526 866 3589 voluit
882 3525 1038 3588 certificari
1055 3526 1094 3588 de
1110 3543 1151 3587 re.
1185 3524 1319 3588 Nutrivit

267 3618 353 3678 autem
369 3618 425 3680 sibi
443 3616 599 3696 quandam
620 3617 716 3696 picam
731 3634 823 3696 quam
840 3615 947 3679 docuit
962 3614 1056 3694 loqui,
1073 3619 1106 3677 ut
1120 3615 1318 3677 annunciaret

231 3702 323 3765 uosibi
344 3725 377 3768 ea
398 3726 459 3787 que
473 3707 583 3768 fierent
598 3705 628 3767 in
645 3704 751 3769 domo.
790 3704 933 3778 Quadam
958 3722 1031 3766 vero
1054 3703 1105 3766 die
1128 3721 1198 3765 cum
1216 3703 1319 3767 ivisset

270 3791 309 3852 vir
328 3813 382 3874 pro
403 3796 488 3858 factis
511 3795 583 3872 suis
607 3794 689 3858 misit
711 3793 822 3856 mulier
845 3811 902 3873 pro
918 3810 977 3856 suo
999 3791 1124 3869 amasio,
1147 3797 1181 3854 ut
1203 3792 1319 3856 veniret

268 3879 300 3940 ad
320 3901 391 3946 eam.
439 3884 503 3958 Qui
530 3901 599 3946 cum
628 3883 767 3960 venisset,
797 3883 875 3944 stetit
902 3901 972 3944 cum
1002 3881 1129 3943 muliere
1157 3881 1262 3943 iocans
1290 3888 1318 3945 et

269 3965 365 4036 ludens
387 3992 455 4036 curn
481 3991 524 4051 ea,
555 3977 585 4035 et
607 3972 736 4035 recessit.
783 3971 864 4034 Cum
889 3971 937 4033 vir
960 3970 1048 4033 rediit
1071 3973 1100 4031 et
1123 3969 1320 4048 interrogavit

269 4057 364 4138 picam,
395 4067 423 4125 et
453 4063 504 4125 illa
533 4062 675 4141 exposuit
705 4061 747 4123 illi
779 4065 876 4124 totum
908 4059 984 4121 illud
1015 4057 1102 4137 quod
1134 4057 1251 4120 viderat
1279 4059 1318 4123 de

229 4154 260 4201 21⁵
271 4151 370 4214 amasio
386 4152 530 4214 mulieris.
564 4152 599 4214 Et
614 4150 744 4213 audiens
760 4149 816 4211 hec
831 4148 886 4224 vir,
902 4166 989 4211 suam
1006 4146 1176 4209 verberavit
1190 4163 1317 4209 uxorem

272 4232 380 4301 fortiter.
418 4242 532 4304 Mulier
554 4257 628 4302 vcro
651 4238 779 4301 credens
802 4255 834 4299 se
857 4254 925 4298 esse
948 4238 1115 4299 accusatam
1140 4234 1179 4296 ab
1201 4235 1320 4300 ancillis

1161 4353 1194 4403 41
