3525 5025
715 537 958 596 -187-

302 715 412 791 etper
433 711 638 790 juramentum
671 710 884 788 constringens
915 726 987 772 eum
1015 727 1057 772 ne
1073 708 1228 788 cuiquam
1258 708 1289 783 in
1312 708 1374 770 vita

301 818 361 864 sua
384 799 505 876 tactum·
524 800 624 863 suum.
644 798 798 862 revelaret
818 818 819 822 ¹
846 798 895 861 De
917 798 1048 862 consilio
1072 798 1146 877 ejus,
1177 815 1235 862 suo
1259 797 1373 878 hospiti

242 908 287 955 uso
302 887 509 952 manifestavit
537 888 609 968 quis
637 890 727 965 essen
757 891 879 950 etcum
904 887 999 964 multi,
1019 887 1114 967 'patre
1136 887 1211 967 *ejus
1241 891 1374 967 mortuo,

302 995 364 1059 pro
400 977 531 1059 imperio
550 976 723 1056 litigarent,
761 995 800 1040 eo
833 975 920 1056 quod
956 995 1019 1041 non
1047 976 1243 1039 ¹inueniretur
1276 976 1374 1053 heres,

301 1067 469 1147 imperium
497 1066 643 1146 >repetivit
676 1071 705 1129 et
738 1065 881 1129 obtinuit.
929 1066 1037 1128 Factus
1066 1070 1168 1128 autem
1200 1065 1372 1146 imperator,

300 1156 415 1218 videns
441 1155 608 1219 hominem·
630 1155 688 1218 Dei
717 1155 856 1236 conspui,
889 1154 1138 1234 flagellarietc,
1170 1172 1226 1218 nec
1255 1152 1375 1216 audens

302 1249 432 1326 propter
468 1261 568 1308 suum.
601 1244 807 1323 juramentum
846 1244 935 1323 signa
973 1243 1199 1323 recognicionis
1237 1243 1374 1318 exibere,

243 1352 288 1397 aso
303 1334 473 1397 uberrime.
489 1333 584 1396 eciam
611 1333 697 1396 inter
720 1333 826 1414 epulas
856 1333 958 1410 flebat,
988 1333 1036 1396 vel
1067 1332 1167 1394 eciam
1196 1331 1322 1412 quando
1345 1330 1373 1394 ei

301 1423 402 1498 illatas
418 1422 555 1501 injurias
571 1421 723 1486 audiebat
764 1421 915 1496 Quadam
938 1426 1039 1484 autem
1062 1420 1122 1499 die,
1146 1439 1217 1484 curn
1239 1420 1377 1484 audisset

301 1513 425 1576 bonum
449 1511 536 1574 illum
559 1511 677 1574 fatuum
701 1510 898 1587 defunctum,
914 1510 1044 1592 prosiliit
1059 1513 1089 1573 et
1105 1509 1144 1573 ad
1161 1509 1256 1573 lunus
1271 1509 1374 1586 currit,

301 1601 386 1664 flens
408 1605 438 1663 et
459 1605 574 1682 patrem
598 1616 700 1664 suum¹
715 1600 917 1682 proclamans,
945 1598 1113 1663 revelando.
1134 1599 1247 1662 tactum
1272 1615 1373 1663 suum.

303 1691 431 1753 inventa
447 1693 499 1752 est
520 1694 628 1753 autem·
645 1688 780 1769 quedam
803 1693 884 1753 carta
906 1689 938 1750 in
955 1707 1048 1752 manu
1073 1688 1147 1767 eius,
1173 1689 1203 1751 in
1227 1705 1289 1768 qua
1312 1690 1376 1750 erat

244 1797 289 1843 uos
304 1778 453 1860 scn‘ptum
485 1779 556 1858 quis
586 1783 615 1841 et
644 1777 728 1841 unde
758 1783 845 1856 esset,
880 1783 910 1841 et
938 1795 1035 1857 quare
1067 1778 1112 1840 sic
1142 1795 1175 1840 se
1206 1775 1374 1856 abjecisset.

304 1870 474 1949 Imperator
492 1873 606 1945 autem,
630 1885 667 1930 ex
690 1885 752 1930 una
775 1872 859 1947 parte
874 1867 970 1930 funus
993 1870 1126 1946 portans,
1151 1884 1223 1928 eum
1248 1865 1375 1929 lionori-

303 1957 366 2020 iice
394 1955 516 2037 sepeliri
545 1957 623 2035 iecit,
656 1961 685 2019 et
712 1957 814 2037 ipsum
840 1956 997 2021 Dominus
1028 1955 1123 2018 multa
1154 1954 1374 2018 miraculorum

303 2045 412 2126 gloria*
427 2044 590 2110 decoravit
643 2066 653 2120 χ
870 2047 873 2052 ’
908 2065 910 2070 ’
1068 2081 1069 2084 =
1363 2063 1364 2066 ¹

557 2173 560 2186 ²
602 2184 605 2188 ·
686 2135 1002 2266 1⁶.·1='s.1⁵s'.1

397 2315 433 2376 Et
454 2316 528 2377 nota
549 2310 645 2392 quod,
669 2330 738 2375 cum
755 2311 882 2392 quidam
900 2311 1037 2374 clericus
1048 2310 1237 2374 sanctissime
1253 2310 1376 2386 viveret,

246 2421 290 2467 cro
306 2404 359 2466 ita·
381 2402 469 2483 quod
484 2397 488 2403 ’
503 2402 531 2464 ei
565 2400 719 2482 dyabolus
753 2400 917 2479 invideret,
948 2399 1131 2481 ‘procuravit
1164 2403 1193 2462 et
1227 2399 1377 2462 laboravit

305 2491 485 2574 temptando
506 2489 641 2554 eundem
665 2489 751 2571 quod
775 2490 806 2553 in
831 2493 987 2571 peccatum
1003 2506 1096 2569 grave
1119 2493 1198 2553 esset
1220 2487 1374 2570 delapsus·

306 2581 391 2646 Cum
414 2585 516 2644 autem
540 2579 693 2661 dyabolus
715 2579 805 2643 vellet
827 2598 899 2642 eum
923 2578 1123 2657 contundere,
1156 2583 1192 2657 et,
1220 2582 1377 2658 assumpta

306 2672 443 2735 humana
475 2670 585 2750 specie,
620 2687 690 2732 eurn
722 2687 824 2740 coram
859 2686 919 2731 suo
955 2668 1102 2749 episcopo
1136 2671 1312 2744 accusasset,
1347 2670 1377 2729 et
1450 2678 1452 2683 ’

305 2760 458 2839 assignata
481 2754 656 2845 essetdies
679 2758 709 2819 in
738 2757 801 2838 qua
826 2754 889 2837 que
921 2752 1040 2820 dicebat
1070 2756 1222 2837 dyabolus
1245 2754 1377 2819 debebat

249 2867 292 2914 no
308 2849 450 2929 probare,
473 2848 724 2915 atterensscartas
746 2865 818 2910 suas
841 2864 944 2909 coram
967 2845 1078 2925 judice,
1106 2846 1140 2907 in
1164 2844 1279 2925 quibus
1303 2863 1400 2908 con.

306 2938 483 3001 tinebantur
512 2937 599 3000 locus
629 2940 659 2999 et
687 2940 810 3017 tempus
840 2940 869 2998 et
900 2953 1033 3016 persone
1065 2935 1179 3015 quibus
1195 2932 1378 3005 ,scientibus

306 3023 491 3107 peccaverat,
514 3025 613 3089 dictus
636 3024 772 3103 clericus,
802 3024 912 3087 videns
934 3042 967 3087 se
991 3024 1022 3085 in
1046 3028 1111 3087 arto
1135 3023 1279 3104 positum,
1303 3040 1376 3085 con-

307 3116 407 3181 tessus
430 3121 475 3179 est
494 3114 607 3192 omnia,
631 3114 742 3177 dolens
757 3118 787 3177 et
801 3131 983 3194 proponens
995 3115 1062 3176 'non
1079 3112 1178 3175 redire
1193 3110 1231 3174 ad
1243 3115 1377 3192 peccata.

308 3204 391 3269 Cum
422 3203 523 3267 autem
556 3208 657 3267 essent
687 3221 790 3266 coram
820 3201 930 3282 judice,
962 3206 991 3265 et
1021 3201 1173 3282 dyabolus
1204 3200 1317 3263 diceret
1343 3218 1377 3263 se

251 3312 293 3358 loo
309 3295 424 3357 habere
448 3293 543 3357 multa
565 3290 670 3358 contra
699 3311 771 3355 eum
795 3310 856 3371 que
888 3295 1005 3372 poterat
1027 3290 1162 3372 probare
1190 3308 1245 3370 per
1267 3286 1378 3370 scripta

307 3388 336 3445 et
359 3387 465 3459 testes,
490 3382 651 3446 revolvens
679 3381 790 3462 scripta
818 3399 882 3456 sua,
915 3380 1031 3443 invenit
1061 3380 1103 3442 ibi
1135 3378 1240 3455 omnia
1270 3378 1377 3457 deleta,

308 3471 427 3536 dicens:
466 3470 577 3537 „Certe
612 3470 705 3534 hodie
737 3474 822 3533 erant
856 3470 1053 3551 omniaque
1089 3468 1240 3533 habebam
1273 3464 1378 3531 contra

308 3562 400 3644 istum
423 3560 475 3624 hic
497 3562 622 3642 scripta;
646 3559 700 3623 sed
726 3560 829 3623 nescio
853 3558 924 3638 quis
948 3555 1052 3621 omnia
1075 3558 1132 3621 hec
1155 3556 1296 3620 delevit.u
1334 3557 1377 3632 Et,

309 3651 370 3714 hoc
393 3647 639 3728 dicto,evanuit.
686 3648 825 3714 Clericus
847 3651 949 3710 autem
974 3648 1005 3709 in
1033 3651 1159 3710 secreto·
1173 3645 1379 3710 confessionis

252 3758 295 3804 ses
311 3739 417 3803 omnia
440 3739 497 3802 hec
519 3737 666 3819 episcopo
690 3738 828 3801 narravit.
1174 3736 1175 3739 ’

367 3830 474 3891 jltem
498 3827 608 3891 dicitur
630 3827 669 3890 de
692 3826 829 3905 quodam
860 3830 964 3889 sancto
993 3828 1076 3906 patre
1103 3824 1198 3905 quod,
1230 3841 1300 3888 cum
1324 3822 1378 3885 ali-

309 3917 438 3998 quando
461 3921 540 3980 esset
570 3920 736 3997 occupatus
767 3911 801 3977 in'
828 3914 907 3978 alico
939 3932 1032 3995 opere
1063 3932 1132 3977 cum
1167 3912 1333 3987 tratribus,
1350 3916 1380 3973 et

309 4006 484 4070 tradidisset
521 4006 671 4070 oblivioni
710 4004 811 4068 dicere
846 4022 960 4067 nonam
995 4022 1054 4067 suo
1084 4007 1222 4082 tempore
1253 4004 1380 4081 propter

310 4096 566 4177 occupacionem,
610 4094 685 4157 vidit
722 4093 890 4175 dyabolum
931 4096 1133 4156 transeuntem
1173 4094 1241 4153 ante
1279 4106 1312 4152 se
1350 4094 1380 4151 et

254 4187 459 4249 auferentem
484 4202 581 4249 unum
606 4184 718 4246 tibrum
743 4182 911 4245 maximum
940 4181 979 4243 ad
1008 4181 1138 4245 modum
1171 4178 1262 4242 rotuli
1281 4196 1381 4258 super

311 4275 476 4338 humemm
500 4291 601 4352 suum,
631 4272 685 4352 qui
708 4272 870 4334 videbatur
895 4288 1030 4350 magnus
1052 4270 1090 4333 ad
1120 4268 1250 4332 modum
1273 4267 1379 4344 turris;
