3525 5025
669 523 892 581 „43-

261 693 347 773 pigro.
391 693 529 769 Quidam
546 696 629 759 enim
645 712 740 759 senex
755 695 905 776 quaesivit
917 696 959 759 ab
974 713 1022 772 eo,
1045 699 1194 776 quantum
1211 699 1316 777 posset

260 782 416 846 comedere.
462 782 523 848 Cui
553 782 631 865 ipse:
672 783 721 848 De
747 784 835 864 cujus
864 783 1019 865 prandio?
1067 784 1116 849 De
1139 785 1232 849 meo?
1265 786 1314 848 vel

260 870 295 934 de
314 872 452 936 alterius?
484 907 512 917 —
544 872 584 936 nt
605 874 669 937 ille:
695 873 743 937 De
765 877 828 937 tuo.
853 910 879 918 -
904 872 1129 956 Maymundus:
1153 872 1314 948 Quantum

260 978 353 1025 murus
373 979 510 1042 possum.
542 998 569 1007 —

217 1062 249 1107 nr
340 1058 366 1113 2.
389 1049 502 1116 Senex:
537 1051 584 1115 Tu
618 1051 715 1115 modo
747 1050 918 1116 recordaris
950 1052 1118 1115 verborum
1152 1050 1315 1132 cuiusdam

259 1137 359 1217 gulosi,
382 1140 470 1221 pigri,
494 1140 586 1220 stulti,
609 1139 723 1221 garruli
747 1144 777 1203 et
799 1140 984 1221 nugigeruli,
1007 1145 1037 1205 et
1055 1139 1205 1221 quicquid
1221 1140 1261 1204 de
1275 1157 1314 1204 eo

259 1227 360 1291 dicitur
379 1229 520 1310 amplius,
544 1229 576 1293 in
601 1248 639 1293 eo
662 1229 824 1293 invenitur.
848 1266 875 1275 -
904 1229 1043 1310 iuvenis:
1068 1230 1201 1293 Multum
1218 1230 1316 1311 placet

260 1315 294 1379 de
314 1317 364 1381 illo
385 1318 500 1381 audire.
547 1319 638 1397 Quia,
668 1318 816 1399 quicquid
840 1318 942 1383 deco
964 1324 1017 1398 est,
1048 1317 1233 1383 derisorium
1262 1323 1314 1398 est,

259 1409 285 1467 et
304 1406 447 1487 quicquid
470 1407 511 1471 de
533 1408 601 1489 ejus
623 1408 708 1472 iactis
730 1408 778 1471 vel
802 1407 891 1472 dictis
907 1412 1008 1472 mente
1023 1408 1143 1487 retines,
1159 1408 1314 1489 eloquere,

217 1498 286 1556 noel
305 1496 422 1559 habebo
445 1514 504 1578 pro
527 1515 664 1561 numere.
697 1532 722 1542 -
755 1496 867 1561 Senex:

342 1592 367 1648 3.
391 1585 549 1650 Dominus
582 1604 672 1650 servo
706 1604 765 1651 suo
800 1586 953 1668 praecepit
986 1586 1119 1668 quadam
1154 1590 1244 1651 nocie
1281 1591 1316 1649 ut

260 1672 400 1737 clauderet
421 1674 537 1738 domus
558 1675 691 1755 ianuam.
739 1675 805 1755 lpse
820 1675 940 1739 desidia
955 1692 1078 1757 pressus
1100 1692 1227 1756 surgere
1250 1692 1313 1740 non

260 1762 357 1840 poluit
379 1768 408 1826 et
429 1764 501 1827 ideo
524 1764 600 1827 dixit
622 1764 708 1845 quod
732 1764 834 1829 clausa
856 1767 928 1829 erae
974 1766 1067 1828 Mane
1096 1769 1197 1828 autem
1226 1764 1315 1842 iacto,

259 1849 396 1915 dominus
429 1852 505 1915 dixit
537 1870 642 1917 servo:
678 1853 876 1934 Maymunde,
910 1853 994 1935 aperi
1028 1853 1162 1934 ianuam.
1186 1889 1230 1899 -
1253 1852 1314 1917 Cui

218 1954 249 1999 roo
260 1955 370 2004 servus:
405 1941 549 2021 Domine,
577 1942 709 2006 sciebam
744 1941 832 2023 quod
865 1942 992 2007 volebas
1025 1960 1092 2006 eam
1127 1942 1222 2006 lrodie
1248 1960 1316 2007 esse

259 2033 391 2109 apertam,
424 2036 453 2094 et
484 2031 556 2094 ideo
588 2031 673 2095 nolui
709 2050 775 2095 eam
811 2049 880 2095 sero
915 2030 1064 2096 claudere.
1088 2066 1133 2078 -
1163 2040 1194 2094 4.
1227 2032 1317 2095 Tunc

260 2117 383 2197 primum
406 2120 556 2202 comperit
578 2120 725 2185 dominus
755 2120 842 2201 quod
866 2125 993 2202 propter
1014 2120 1166 2201 pigritiam
1190 2120 1315 2186 dimise·

260 2211 306 2285 rai,
328 2212 355 2271 et
375 2208 449 2272 dixit
472 2209 529 2272 illi:
560 2209 672 2290 Surge!
722 2211 780 2277 Fac
802 2227 883 2290 opus
906 2214 1002 2288 tuum,
1026 2209 1099 2290 quia
1121 2209 1188 2274 dies
1211 2214 1263 2289 est,
1286 2214 1316 2273 et

260 2297 300 2358 sol
321 2296 379 2376 jam
401 2299 479 2361 altus
502 2303 555 2363 est
577 2334 621 2345 —
645 2298 705 2362 Cui
729 2316 848 2363 servus:
880 2298 912 2363 Si
939 2298 986 2362 sol
1008 2298 1070 2379 jam
1098 2299 1177 2362 altus
1199 2304 1251 2377 eet
1275 2299 1316 2362 da

219 2385 328 2447 mmihi
350 2387 519 2451 comedere.
542 2422 586 2435 -
609 2388 670 2452 Cui
705 2387 867 2452 dominus:
903 2386 996 2451 Serve
1030 2388 1117 2466 male,
1151 2388 1199 2451 vis
1226 2392 1316 2451 nocte

260 2475 431 2542 comedere?
455 2514 482 2522 -
507 2476 567 2543 Cui
580 2494 700 2542 servus:
716 2476 749 2542 si
762 2494 824 2542 nox
836 2480 888 2554 esi,
901 2476 1040 2559 permitte
1052 2494 1102 2541 me
1114 2476 1258 2542 dormire
1279 2513 1306 2522 -

340 2569 366 2629 5.
390 2568 463 2630 llem
487 2566 634 2631 dominus
658 2565 689 2630 in
713 2571 815 2630 nocte:
846 2567 1044 2648 Maymunde,
1068 2583 1168 2647 surge,
1192 2571 1222 2630 et
1243 2567 1315 2631 vide

260 2657 351 2717 utrum
374 2655 458 2737 pluat
480 2674 519 2718 an
543 2674 591 2720 ne
614 2691 642 2700 —
668 2657 735 2736 lpse
757 2674 833 2720 vero
847 2655 1007 2719 advocavit
1029 2673 1144 2733 canem,
1167 2655 1221 2736 qui
1236 2653 1311 2740 jace·

261 2741 304 2804 bat
323 2750 402 2808 extra
424 2745 559 2825 januam,
592 2749 621 2808 et
651 2762 748 2827 quum
779 2745 912 2808 venisset
933 2744 1025 2823 canis,
1056 2745 1198 2826 palpabat
1221 2744 1315 2825 pedes

220 2842 251 2888 nr
262 2829 326 2910 ejus,
340 2834 454 2913 quibus
469 2834 601 2898 inventis
616 2834 703 2898 siccis
718 2834 848 2898 domino
863 2834 917 2897 ait:
942 2834 1086 2910 Domine,
1100 2851 1164 2898 non
1174 2833 1259 2915 pluit
1279 2870 1306 2878 -

340 2927 366 2985 6.
390 2924 464 2986 item
495 2923 534 2986 ad
566 2941 638 2986 eum
669 2923 817 2987 dominus
848 2927 937 2987 nocte
960 2922 1044 3001 dixit,
1068 2940 1107 2985 an
1132 2923 1214 3003 ignis
1236 2928 1314 2987 esset

261 3007 288 3070 in
308 3010 407 3076 domo.
456 3014 523 3094 lpse
553 3031 628 3076 vero
657 3016 765 3077 vocato
797 3013 958 3092 murilego,
989 3012 1112 3075 tentavit
1144 3012 1169 3076 si
1198 3012 1316 3076 calidus

261 3104 334 3251 333,
361 3119 408 3234 an
444 3119 522 3182 non,
561 3105 590 3165 et
623 3119 721 3182 quum
759 3101 925 3165 invenisset
957 3119 1028 3165 eum
1067 3101 1224 3181 trigidum,
1261 3102 1315 3164 aii:

221 3286 251 3333 780
314 3237 480 3432 ..Juvenigz
498 3239 654 3359 Pigritiam
671 3279 739 3359 eius
756 3279 869 3358 audivi,
893 3279 1098 3359 garrulitatem
1122 3279 1189 3359 ejus
1208 3279 1315 3342 audire

261 3382 349 3447 cupro.
380 3405 407 3413 —
481 3386 553 3432 nex:

663 3511 758 3574 xxx.
785 3519 903 3596 *1-4·

341 3645 366 3696 1.
391 3635 516 3699 Dicnrm
549 3639 595 3700 est
624 3635 710 3717 quod
740 3635 889 3699 dominus
917 3653 994 3699 suus
1016 3634 1158 3698 veniebat
1180 3635 1220 3698 de
1244 3635 1315 3698 loro

261 3717 344 3786 laetus
372 3742 431 3805 pro
461 3725 557 3803 lucro,
588 3725 661 3804 quia
692 3721 822 3787 mullum
854 3725 988 3788 lucratus
1014 3723 1120 3787 luerat.
1167 3724 1203 3786 Et
1225 3723 1317 3787 exivit

261 3823 354 3876 servus
377 3813 589 3895 Maymundus
612 3817 717 3877 contra
738 3813 872 3877 eundem
889 3813 1054 3879 dominum
1070 3830 1171 3876 suum.
1210 3811 1314 3885 Quem

221 3912 347 3976 aequum
369 3903 488 3966 videret
516 3903 665 3966 dominus
694 3902 802 3979 timuit,
834 3921 873 3966 ne
900 3903 1022 3983 aliquos
1045 3901 1144 3965 malos
1166 3918 1316 3980 rumores,

263 3991 374 4055 ulmos
396 4010 473 4056 suus
495 3997 566 4070 erat,
590 3991 710 4070 diceret,
734 3996 763 4054 et
785 3991 872 4054 dixit:
897 3991 980 4054 Cave
1004 4009 1044 4054 ne
1066 3990 1149 4053 dicas
1173 4007 1316 4053 rumores

263 4078 355 4143 malos.
379 4115 421 4126 —
446 4089 476 4144 2.
499 4081 626 4146 Servus:
659 4080 802 4158 Domine,
834 4098 898 4144 non
922 4080 1021 4144 dicam
1045 4095 1186 4142 mmorea
1209 4078 1316 4142 malos.

264 4161 314 4227 Sed
346 4170 427 4234 canis
461 4175 565 4233 nostra
599 4169 725 4250 parvula
761 4169 920 4250 Pipella
954 4173 1075 4232 mortua
1103 4169 1157 4229 est
1187 4199 1231 4210 —
1254 4165 1315 4229 Cui

264 4251 408 4322 dominus:
440 4259 614 4333 Quomodo
647 4263 767 4321 mortua
796 4259 862 4321 est?
893 4292 938 4303 -
967 4257 1027 4321 Cui
1058 4270 1178 4319 servus:
1210 4253 1317 4317 Mulus
