<?xml version="1.0" encoding="UTF-8"?>
<!DOCTYPE html PUBLIC "-//W3C//DTD XHTML 1.0 Transitional//EN"
    "http://www.w3.org/TR/xhtml1/DTD/xhtml1-transitional.dtd">
<html xmlns="http://www.w3.org/1999/xhtml" xml:lang="en" lang="en">
 <head>
  <title>
</title>
<meta http-equiv="Content-Type" content="text/html;charset=utf-8" />
  <meta name='ocr-system' content='tesseract 3.04.00' />
  <meta name='ocr-capabilities' content='ocr_page ocr_carea ocr_par ocr_line ocrx_word'/>
</head>
<body>
  <div class='ocr_page' id='page_1' title='image "./probenderlatein00ulrigoog_0200.png"; bbox 0 0 3525 5025; ppageno 0'>
   <div class='ocr_carea' id='block_1_1' title="bbox 730 508 973 567">
    <p class='ocr_par' dir='ltr' id='par_1_1' title="bbox 730 508 973 567">
     <span class='ocr_line' id='line_1_1' title="bbox 730 508 973 567; baseline 0 -1"><span class='ocrx_word' id='word_1_1' title='bbox 730 508 973 567; x_wconf 74' lang='lat'>-189-</span> 
     </span>
    </p>
   </div>
   <div class='ocr_carea' id='block_1_2' title="bbox 252 680 1387 1296">
    <p class='ocr_par' dir='ltr' id='par_1_2' title="bbox 252 680 1387 1115">
     <span class='ocr_line' id='line_1_2' title="bbox 252 680 1387 762; baseline 0.001 -17"><span class='ocrx_word' id='word_1_2' title='bbox 252 699 301 745; x_wconf 82' lang='lat' dir='ltr'>sao</span> <span class='ocrx_word' id='word_1_3' title='bbox 317 684 347 744; x_wconf 90' lang='lat' dir='ltr'>et</span> <span class='ocrx_word' id='word_1_4' title='bbox 370 680 414 745; x_wconf 93' lang='lat' dir='ltr'>sic</span> <span class='ocrx_word' id='word_1_5' title='bbox 436 681 571 744; x_wconf 88' lang='lat' dir='ltr'>vetulam</span> <span class='ocrx_word' id='word_1_6' title='bbox 594 680 747 758; x_wconf 86' lang='lat' dir='ltr'>excitabat,</span> <span class='ocrx_word' id='word_1_7' title='bbox 778 681 864 760; x_wconf 90' lang='lat' dir='ltr'>quod</span> <span class='ocrx_word' id='word_1_8' title='bbox 888 685 958 762; x_wconf 88' lang='lat' dir='ltr'>post</span> <span class='ocrx_word' id='word_1_9' title='bbox 985 697 1048 745; x_wconf 92' lang='lat' dir='ltr'>non</span> <span class='ocrx_word' id='word_1_10' title='bbox 1073 684 1191 762; x_wconf 88' lang='lat' dir='ltr'>poterat</span> <span class='ocrx_word' id='word_1_11' title='bbox 1216 681 1387 762; x_wconf 71' lang='lat' dir='ltr'>quiescere,</span> 
     </span>
     <span class='ocr_line' id='line_1_3' title="bbox 315 768 1386 851; baseline 0.002 -18"><span class='ocrx_word' id='word_1_12' title='bbox 315 788 379 851; x_wconf 88' lang='lat' dir='ltr'>que</span> <span class='ocrx_word' id='word_1_13' title='bbox 409 770 548 850; x_wconf 87' lang='lat' dir='ltr'>cogitans</span> <span class='ocrx_word' id='word_1_14' title='bbox 581 769 744 850; x_wconf 89' lang='lat' dir='ltr'>quomodo</span> <span class='ocrx_word' id='word_1_15' title='bbox 776 774 882 833; x_wconf 89' lang='lat' dir='ltr'>contra</span> <span class='ocrx_word' id='word_1_16' title='bbox 915 769 976 834; x_wconf 91' lang='lat' dir='ltr'>hoc</span> <span class='ocrx_word' id='word_1_17' title='bbox 1008 768 1179 833; x_wconf 89' lang='lat' dir='ltr'>remedium</span> <span class='ocrx_word' id='word_1_18' title='bbox 1209 777 1386 851; x_wconf 89' lang='lat' dir='ltr'>apponeret,</span> 
     </span>
     <span class='ocr_line' id='line_1_4' title="bbox 313 858 1385 940; baseline 0.002 -19"><span class='ocrx_word' id='word_1_19' title='bbox 313 858 484 940; x_wconf 81' lang='lat' dir='ltr'>accipiebat</span> <span class='ocrx_word' id='word_1_20' title='bbox 511 876 582 922; x_wconf 91' lang='lat' dir='ltr'>eum</span> <span class='ocrx_word' id='word_1_21' title='bbox 615 863 645 921; x_wconf 92' lang='lat' dir='ltr'>et</span> <span class='ocrx_word' id='word_1_22' title='bbox 675 859 876 939; x_wconf 83' lang='lat' dir='ltr'>immergebat</span> <span class='ocrx_word' id='word_1_23' title='bbox 899 859 929 921; x_wconf 93' lang='lat' dir='ltr'>in</span> <span class='ocrx_word' id='word_1_24' title='bbox 953 877 1041 939; x_wconf 89' lang='lat' dir='ltr'>aqua,</span> <span class='ocrx_word' id='word_1_25' title='bbox 1073 858 1168 923; x_wconf 87' lang='lat' dir='ltr'>etsie</span> <span class='ocrx_word' id='word_1_26' title='bbox 1198 859 1298 939; x_wconf 90' lang='lat' dir='ltr'>gallus</span> <span class='ocrx_word' id='word_1_27' title='bbox 1319 878 1385 924; x_wconf 90' lang='lat' dir='ltr'>non</span> 
     </span>
     <span class='ocr_line' id='line_1_5' title="bbox 313 947 1384 1026; baseline 0.002 -15"><span class='ocrx_word' id='word_1_28' title='bbox 313 947 450 1012; x_wconf 91' lang='lat' dir='ltr'>audebat</span> <span class='ocrx_word' id='word_1_29' title='bbox 480 948 512 1010; x_wconf 95' lang='lat' dir='ltr'>in</span> <span class='ocrx_word' id='word_1_30' title='bbox 546 947 624 1011; x_wconf 89' lang='lat' dir='ltr'>hora</span> <span class='ocrx_word' id='word_1_31' title='bbox 657 952 784 1026; x_wconf 88' lang='lat' dir='ltr'>cantare,</span> <span class='ocrx_word' id='word_1_32' title='bbox 818 947 873 1012; x_wconf 88' lang='lat' dir='ltr'>sed</span> <span class='ocrx_word' id='word_1_33' title='bbox 909 947 1025 1011; x_wconf 88' lang='lat' dir='ltr'>tardius</span> <span class='ocrx_word' id='word_1_34' title='bbox 1053 947 1112 1011; x_wconf 92' lang='lat' dir='ltr'>alia</span> <span class='ocrx_word' id='word_1_35' title='bbox 1142 948 1218 1012; x_wconf 89' lang='lat' dir='ltr'>hora</span> <span class='ocrx_word' id='word_1_36' title='bbox 1248 949 1384 1014; x_wconf 88' lang='lat' dir='ltr'>cantavit.</span> 
     </span>
     <span class='ocr_line' id='line_1_6' title="bbox 315 1036 1384 1115; baseline 0.001 -15"><span class='ocrx_word' id='word_1_37' title='bbox 315 1039 391 1100; x_wconf 90' lang='lat' dir='ltr'>ltem</span> <span class='ocrx_word' id='word_1_38' title='bbox 415 1041 444 1100; x_wconf 88' lang='lat' dir='ltr'>et</span> <span class='ocrx_word' id='word_1_39' title='bbox 467 1036 547 1100; x_wconf 87' lang='lat' dir='ltr'>dicta</span> <span class='ocrx_word' id='word_1_40' title='bbox 569 1036 668 1100; x_wconf 88' lang='lat' dir='ltr'>vetula</span> <span class='ocrx_word' id='word_1_41' title='bbox 694 1055 766 1100; x_wconf 92' lang='lat' dir='ltr'>eum</span> <span class='ocrx_word' id='word_1_42' title='bbox 795 1036 952 1115; x_wconf 81' lang='lat' dir='ltr'>immersit,</span> <span class='ocrx_word' id='word_1_43' title='bbox 983 1040 1012 1100; x_wconf 89' lang='lat' dir='ltr'>et</span> <span class='ocrx_word' id='word_1_44' title='bbox 1033 1036 1079 1100; x_wconf 91' lang='lat' dir='ltr'>sic</span> <span class='ocrx_word' id='word_1_45' title='bbox 1100 1036 1238 1101; x_wconf 87' lang='lat' dir='ltr'>similiter</span> <span class='ocrx_word' id='word_1_46' title='bbox 1259 1037 1330 1102; x_wconf 87' lang='lat' dir='ltr'>iecit</span> <span class='ocrx_word' id='word_1_47' title='bbox 1353 1039 1384 1101; x_wconf 92' lang='lat' dir='ltr'>in</span> 
     </span>
    </p>

    <p class='ocr_par' dir='ltr' id='par_1_3' title="bbox 252 1125 1387 1296">
     <span class='ocr_line' id='line_1_7' title="bbox 252 1125 1387 1209; baseline 0.002 -19"><span class='ocrx_word' id='word_1_48' title='bbox 252 1144 300 1190; x_wconf 75' lang='grc'>555</span> <span class='ocrx_word' id='word_1_49' title='bbox 315 1126 387 1190; x_wconf 90' lang='lat' dir='ltr'>aliis</span> <span class='ocrx_word' id='word_1_50' title='bbox 416 1126 504 1190; x_wconf 90' lang='lat' dir='ltr'>horis</span> <span class='ocrx_word' id='word_1_51' title='bbox 533 1125 692 1209; x_wconf 88' lang='lat' dir='ltr'>usquead</span> <span class='ocrx_word' id='word_1_52' title='bbox 716 1125 808 1204; x_wconf 87' lang='lat' dir='ltr'>diem,</span> <span class='ocrx_word' id='word_1_53' title='bbox 840 1126 880 1188; x_wconf 88' lang='lat' dir='ltr'>ita</span> <span class='ocrx_word' id='word_1_54' title='bbox 907 1126 993 1206; x_wconf 91' lang='lat' dir='ltr'>quod</span> <span class='ocrx_word' id='word_1_55' title='bbox 1023 1125 1123 1206; x_wconf 88' lang='lat' dir='ltr'>gallus</span> <span class='ocrx_word' id='word_1_56' title='bbox 1153 1143 1217 1190; x_wconf 90' lang='lat' dir='ltr'>non</span> <span class='ocrx_word' id='word_1_57' title='bbox 1249 1128 1387 1192; x_wconf 86' lang='lat' dir='ltr'>cantabat</span> 
     </span>
     <span class='ocr_line' id='line_1_8' title="bbox 312 1214 595 1296; baseline 0.004 -17"><span class='ocrx_word' id='word_1_58' title='bbox 312 1215 479 1296; x_wconf 85' lang='lat' dir='ltr'>usquead</span> <span class='ocrx_word' id='word_1_59' title='bbox 503 1214 595 1280; x_wconf 92' lang='lat' dir='ltr'>diem.</span> 
     </span>
    </p>
   </div>
   <div class='ocr_carea' id='block_1_3' title="bbox 693 1339 1008 1438">
    <p class='ocr_par' dir='ltr' id='par_1_4' title="bbox 693 1339 1008 1438">
     <span class='ocr_line' id='line_1_9' title="bbox 693 1339 1008 1438; baseline 0 -36"><span class='ocrx_word' id='word_1_60' title='bbox 693 1345 741 1403; x_wconf 72' lang='grc'>59.</span> <span class='ocrx_word' id='word_1_61' title='bbox 790 1339 1008 1438; x_wconf 74' lang='lat' dir='ltr'><strong>[=S.178.J</strong></span> 
     </span>
    </p>
   </div>
   <div class='ocr_carea' id='block_1_4' title="bbox 253 1462 1387 2972">
    <p class='ocr_par' dir='ltr' id='par_1_5' title="bbox 407 1462 1384 1544">
     <span class='ocr_line' id='line_1_10' title="bbox 407 1462 1384 1544; baseline 0.002 -18"><span class='ocrx_word' id='word_1_62' title='bbox 407 1465 481 1528; x_wconf 91' lang='lat' dir='ltr'>ltem</span> <span class='ocrx_word' id='word_1_63' title='bbox 504 1463 607 1527; x_wconf 85' lang='lat' dir='ltr'>audivi</span> <span class='ocrx_word' id='word_1_64' title='bbox 626 1463 722 1544; x_wconf 89' lang='lat' dir='ltr'>quod,</span> <span class='ocrx_word' id='word_1_65' title='bbox 745 1481 816 1528; x_wconf 93' lang='lat' dir='ltr'>cum</span> <span class='ocrx_word' id='word_1_66' title='bbox 839 1462 966 1544; x_wconf 89' lang='lat' dir='ltr'>quidam</span> <span class='ocrx_word' id='word_1_67' title='bbox 991 1463 1121 1528; x_wconf 89' lang='lat' dir='ltr'>rusticus</span> <span class='ocrx_word' id='word_1_68' title='bbox 1147 1481 1241 1544; x_wconf 88' lang='lat' dir='ltr'>super</span> <span class='ocrx_word' id='word_1_69' title='bbox 1262 1464 1384 1528; x_wconf 88' lang='lat' dir='ltr'>asinum</span> 
     </span>
    </p>

    <p class='ocr_par' dir='ltr' id='par_1_6' title="bbox 311 1551 1387 1633">
     <span class='ocr_line' id='line_1_11' title="bbox 311 1551 1387 1633; baseline 0.001 -17"><span class='ocrx_word' id='word_1_70' title='bbox 311 1553 434 1616; x_wconf 89' lang='lat' dir='ltr'>veniret</span> <span class='ocrx_word' id='word_1_71' title='bbox 454 1553 495 1616; x_wconf 94' lang='lat' dir='ltr'>ad</span> <span class='ocrx_word' id='word_1_72' title='bbox 518 1553 630 1631; x_wconf 89' lang='lat' dir='ltr'>torum,</span> <span class='ocrx_word' id='word_1_73' title='bbox 653 1558 713 1616; x_wconf 90' lang='lat' dir='ltr'>tres</span> <span class='ocrx_word' id='word_1_74' title='bbox 736 1552 868 1617; x_wconf 90' lang='lat' dir='ltr'>latrones</span> <span class='ocrx_word' id='word_1_75' title='bbox 891 1551 1095 1618; x_wconf 88' lang='lat' dir='ltr'>condixerunt</span> <span class='ocrx_word' id='word_1_76' title='bbox 1109 1551 1196 1633; x_wconf 89' lang='lat' dir='ltr'>quod</span> <span class='ocrx_word' id='word_1_77' title='bbox 1212 1553 1387 1624; x_wconf 86' lang='lat' dir='ltr'>furarentur</span> 
     </span>
    </p>

    <p class='ocr_par' dir='ltr' id='par_1_7' title="bbox 312 1641 1383 1723">
     <span class='ocr_line' id='line_1_12' title="bbox 312 1641 1383 1723; baseline 0.001 -18"><span class='ocrx_word' id='word_1_78' title='bbox 312 1643 344 1706; x_wconf 89' lang='lat' dir='ltr'>ei</span> <span class='ocrx_word' id='word_1_79' title='bbox 368 1642 504 1721; x_wconf 86' lang='lat' dir='ltr'>asinum;</span> <span class='ocrx_word' id='word_1_80' title='bbox 527 1642 592 1706; x_wconf 91' lang='lat' dir='ltr'>duo</span> <span class='ocrx_word' id='word_1_81' title='bbox 614 1659 760 1722; x_wconf 89' lang='lat' dir='ltr'>quorum,</span> <span class='ocrx_word' id='word_1_82' title='bbox 783 1660 853 1707; x_wconf 92' lang='lat' dir='ltr'>cum</span> <span class='ocrx_word' id='word_1_83' title='bbox 870 1646 972 1706; x_wconf 82' lang='lat' dir='ltr'>essent</span> <span class='ocrx_word' id='word_1_84' title='bbox 987 1641 1018 1705; x_wconf 88' lang='lat' dir='ltr'>in</span> <span class='ocrx_word' id='word_1_85' title='bbox 1035 1659 1176 1723; x_wconf 88' lang='lat' dir='ltr'>pressura</span> <span class='ocrx_word' id='word_1_86' title='bbox 1199 1641 1328 1721; x_wconf 93' lang='lat' dir='ltr'>homini,</span> <span class='ocrx_word' id='word_1_87' title='bbox 1352 1643 1383 1706; x_wconf 91' lang='lat' dir='ltr'>in</span> 
     </span>
    </p>

    <p class='ocr_par' dir='ltr' id='par_1_8' title="bbox 253 1730 1383 1812">
     <span class='ocr_line' id='line_1_13' title="bbox 253 1730 1383 1812; baseline 0 -17"><span class='ocrx_word' id='word_1_88' title='bbox 253 1749 299 1795; x_wconf 79' lang='grc'>555</span> <span class='ocrx_word' id='word_1_89' title='bbox 313 1731 420 1796; x_wconf 90' lang='lat' dir='ltr'>verbis</span> <span class='ocrx_word' id='word_1_90' title='bbox 436 1749 507 1797; x_wconf 89' lang='lat' dir='ltr'>eum</span> <span class='ocrx_word' id='word_1_91' title='bbox 524 1735 702 1812; x_wconf 88' lang='lat' dir='ltr'>posuerunt,</span> <span class='ocrx_word' id='word_1_92' title='bbox 726 1734 763 1810; x_wconf 85' lang='lat' dir='ltr'>et,</span> <span class='ocrx_word' id='word_1_93' title='bbox 788 1731 882 1794; x_wconf 88' lang='lat' dir='ltr'>multa</span> <span class='ocrx_word' id='word_1_94' title='bbox 898 1731 926 1795; x_wconf 88' lang='lat' dir='ltr'>ei</span> <span class='ocrx_word' id='word_1_95' title='bbox 942 1735 1159 1812; x_wconf 86' lang='lat' dir='ltr'>proponentes,</span> <span class='ocrx_word' id='word_1_96' title='bbox 1183 1730 1223 1794; x_wconf 85' lang='lat' dir='ltr'>ita</span> <span class='ocrx_word' id='word_1_97' title='bbox 1237 1735 1383 1796; x_wconf 89' lang='lat' dir='ltr'>attentum</span> 
     </span>
    </p>

    <p class='ocr_par' dir='ltr' id='par_1_9' title="bbox 312 1819 1385 1901">
     <span class='ocr_line' id='line_1_14' title="bbox 312 1819 1385 1901; baseline 0.002 -17"><span class='ocrx_word' id='word_1_98' title='bbox 312 1838 388 1884; x_wconf 93' lang='lat' dir='ltr'>eum</span> <span class='ocrx_word' id='word_1_99' title='bbox 413 1819 619 1900; x_wconf 88' lang='lat' dir='ltr'>reddiderunt,</span> <span class='ocrx_word' id='word_1_100' title='bbox 642 1819 729 1900; x_wconf 89' lang='lat' dir='ltr'>quod</span> <span class='ocrx_word' id='word_1_101' title='bbox 752 1819 900 1884; x_wconf 89' lang='lat' dir='ltr'>dimisita</span> <span class='ocrx_word' id='word_1_102' title='bbox 917 1838 1010 1884; x_wconf 91' lang='lat' dir='ltr'>manu</span> <span class='ocrx_word' id='word_1_103' title='bbox 1033 1820 1198 1901; x_wconf 86' lang='lat' dir='ltr'>capistrum</span> <span class='ocrx_word' id='word_1_104' title='bbox 1222 1820 1274 1884; x_wconf 87' lang='lat' dir='ltr'>ire.</span> <span class='ocrx_word' id='word_1_105' title='bbox 1310 1821 1385 1886; x_wconf 91' lang='lat' dir='ltr'>Duo</span> 
     </span>
    </p>

    <p class='ocr_par' dir='ltr' id='par_1_10' title="bbox 312 1908 1384 1990">
     <span class='ocr_line' id='line_1_15' title="bbox 312 1908 1384 1990; baseline 0.001 -17"><span class='ocrx_word' id='word_1_106' title='bbox 312 1915 417 1973; x_wconf 90' lang='lat' dir='ltr'>autem</span> <span class='ocrx_word' id='word_1_107' title='bbox 441 1908 723 1990; x_wconf 90' lang='lat' dir='ltr'>discingulaverunt</span> <span class='ocrx_word' id='word_1_108' title='bbox 737 1909 868 1988; x_wconf 88' lang='lat' dir='ltr'>asinum,</span> <span class='ocrx_word' id='word_1_109' title='bbox 892 1914 921 1973; x_wconf 90' lang='lat' dir='ltr'>et</span> <span class='ocrx_word' id='word_1_110' title='bbox 944 1909 1091 1973; x_wconf 90' lang='lat' dir='ltr'>rusticum</span> <span class='ocrx_word' id='word_1_111' title='bbox 1116 1909 1147 1972; x_wconf 95' lang='lat' dir='ltr'>in</span> <span class='ocrx_word' id='word_1_112' title='bbox 1170 1909 1244 1973; x_wconf 91' lang='lat' dir='ltr'>sella</span> <span class='ocrx_word' id='word_1_113' title='bbox 1266 1909 1384 1974; x_wconf 88' lang='lat' dir='ltr'>detere-</span> 
     </span>
    </p>

    <p class='ocr_par' dir='ltr' id='par_1_11' title="bbox 313 1997 1384 2078">
     <span class='ocr_line' id='line_1_16' title="bbox 313 1997 1384 2078; baseline 0 -15"><span class='ocrx_word' id='word_1_114' title='bbox 313 2000 404 2076; x_wconf 87' lang='lat' dir='ltr'>bant;</span> <span class='ocrx_word' id='word_1_115' title='bbox 439 1999 550 2062; x_wconf 89' lang='lat' dir='ltr'>tercius</span> <span class='ocrx_word' id='word_1_116' title='bbox 572 1998 599 2062; x_wconf 90' lang='lat' dir='ltr'>ei</span> <span class='ocrx_word' id='word_1_117' title='bbox 627 1998 758 2076; x_wconf 89' lang='lat' dir='ltr'>asinum,</span> <span class='ocrx_word' id='word_1_118' title='bbox 790 2001 820 2062; x_wconf 91' lang='lat' dir='ltr'>et</span> <span class='ocrx_word' id='word_1_119' title='bbox 846 1998 993 2062; x_wconf 90' lang='lat' dir='ltr'>rusticum</span> <span class='ocrx_word' id='word_1_120' title='bbox 1025 1998 1056 2061; x_wconf 93' lang='lat' dir='ltr'>in</span> <span class='ocrx_word' id='word_1_121' title='bbox 1087 1997 1161 2062; x_wconf 89' lang='lat' dir='ltr'>sella</span> <span class='ocrx_word' id='word_1_122' title='bbox 1190 1998 1384 2078; x_wconf 84' lang='lat' dir='ltr'>detenebant;</span> 
     </span>
    </p>

    <p class='ocr_par' dir='ltr' id='par_1_12' title="bbox 313 2087 1383 2169">
     <span class='ocr_line' id='line_1_17' title="bbox 313 2087 1383 2169; baseline 0.001 -19"><span class='ocrx_word' id='word_1_123' title='bbox 313 2087 428 2152; x_wconf 89' lang='lat' dir='ltr'>tercius</span> <span class='ocrx_word' id='word_1_124' title='bbox 461 2088 488 2150; x_wconf 88' lang='lat' dir='ltr'>ci</span> <span class='ocrx_word' id='word_1_125' title='bbox 522 2088 643 2151; x_wconf 91' lang='lat' dir='ltr'>asinum</span> <span class='ocrx_word' id='word_1_126' title='bbox 677 2087 826 2152; x_wconf 85' lang='lat' dir='ltr'>subtraxit</span> <span class='ocrx_word' id='word_1_127' title='bbox 859 2106 915 2169; x_wconf 91' lang='lat' dir='ltr'>per</span> <span class='ocrx_word' id='word_1_128' title='bbox 948 2087 1122 2168; x_wconf 76' lang='lat' dir='ltr'>capistrum.</span> <span class='ocrx_word' id='word_1_129' title='bbox 1170 2087 1252 2152; x_wconf 89' lang='lat' dir='ltr'>Cum</span> <span class='ocrx_word' id='word_1_130' title='bbox 1282 2093 1383 2152; x_wconf 88' lang='lat' dir='ltr'>autem</span> 
     </span>
    </p>

    <p class='ocr_par' dir='ltr' id='par_1_13' title="bbox 253 2175 1386 2258">
     <span class='ocr_line' id='line_1_18' title="bbox 253 2175 1386 2258; baseline 0.001 -18"><span class='ocrx_word' id='word_1_131' title='bbox 253 2195 298 2241; x_wconf 80' lang='grc'>555</span> <span class='ocrx_word' id='word_1_132' title='bbox 315 2178 412 2257; x_wconf 90' lang='lat' dir='ltr'>longe</span> <span class='ocrx_word' id='word_1_133' title='bbox 446 2181 525 2240; x_wconf 90' lang='lat' dir='ltr'>esset</span> <span class='ocrx_word' id='word_1_134' title='bbox 556 2177 596 2241; x_wconf 88' lang='lat' dir='ltr'>ab</span> <span class='ocrx_word' id='word_1_135' title='bbox 627 2195 675 2255; x_wconf 89' lang='lat' dir='ltr'>eo,</span> <span class='ocrx_word' id='word_1_136' title='bbox 713 2175 778 2241; x_wconf 94' lang='lat' dir='ltr'>duo</span> <span class='ocrx_word' id='word_1_137' title='bbox 812 2177 866 2258; x_wconf 93' lang='lat' dir='ltr'>qui</span> <span class='ocrx_word' id='word_1_138' title='bbox 900 2195 971 2241; x_wconf 89' lang='lat' dir='ltr'>eum</span> <span class='ocrx_word' id='word_1_139' title='bbox 1007 2176 1169 2258; x_wconf 88' lang='lat' dir='ltr'>portabant</span> <span class='ocrx_word' id='word_1_140' title='bbox 1202 2176 1386 2241; x_wconf 90' lang='lat' dir='ltr'>dimiserunt</span> 
     </span>
    </p>

    <p class='ocr_par' dir='ltr' id='par_1_14' title="bbox 313 2264 1383 2343">
     <span class='ocr_line' id='line_1_19' title="bbox 313 2264 1383 2343; baseline 0.001 -14"><span class='ocrx_word' id='word_1_141' title='bbox 313 2266 462 2329; x_wconf 87' lang='lat' dir='ltr'>rusticum</span> <span class='ocrx_word' id='word_1_142' title='bbox 495 2267 526 2329; x_wconf 95' lang='lat' dir='ltr'>in</span> <span class='ocrx_word' id='word_1_143' title='bbox 558 2265 690 2330; x_wconf 91' lang='lat' dir='ltr'>densum</span> <span class='ocrx_word' id='word_1_144' title='bbox 721 2266 829 2330; x_wconf 91' lang='lat' dir='ltr'>lutum.</span> <span class='ocrx_word' id='word_1_145' title='bbox 876 2264 935 2343; x_wconf 85' lang='lat' dir='ltr'>Sic,</span> <span class='ocrx_word' id='word_1_146' title='bbox 965 2284 1035 2329; x_wconf 95' lang='lat' dir='ltr'>cum</span> <span class='ocrx_word' id='word_1_147' title='bbox 1060 2267 1157 2330; x_wconf 90' lang='lat' dir='ltr'>homo</span> <span class='ocrx_word' id='word_1_148' title='bbox 1180 2266 1323 2329; x_wconf 90' lang='lat' dir='ltr'>convenit</span> <span class='ocrx_word' id='word_1_149' title='bbox 1343 2266 1383 2330; x_wconf 90' lang='lat' dir='ltr'>ad</span> 
     </span>
    </p>

    <p class='ocr_par' dir='ltr' id='par_1_15' title="bbox 313 2354 1385 2436">
     <span class='ocr_line' id='line_1_20' title="bbox 313 2354 1385 2436; baseline 0 -18"><span class='ocrx_word' id='word_1_150' title='bbox 313 2355 469 2419; x_wconf 90' lang='lat' dir='ltr'>orandum</span> <span class='ocrx_word' id='word_1_151' title='bbox 497 2359 527 2418; x_wconf 92' lang='lat' dir='ltr'>et</span> <span class='ocrx_word' id='word_1_152' title='bbox 553 2354 720 2419; x_wconf 88' lang='lat' dir='ltr'>emendum</span> <span class='ocrx_word' id='word_1_153' title='bbox 753 2373 809 2436; x_wconf 95' lang='lat' dir='ltr'>per</span> <span class='ocrx_word' id='word_1_154' title='bbox 835 2355 1012 2420; x_wconf 85' lang='lat' dir='ltr'>oracionem</span> <span class='ocrx_word' id='word_1_155' title='bbox 1043 2355 1127 2419; x_wconf 90' lang='lat' dir='ltr'>bona</span> <span class='ocrx_word' id='word_1_156' title='bbox 1156 2355 1325 2436; x_wconf 85' lang='lat' dir='ltr'>spiritualia</span> <span class='ocrx_word' id='word_1_157' title='bbox 1355 2360 1385 2418; x_wconf 86' lang='lat' dir='ltr'>et</span> 
     </span>
    </p>

    <p class='ocr_par' dir='ltr' id='par_1_16' title="bbox 313 2443 1382 2526">
     <span class='ocr_line' id='line_1_21' title="bbox 313 2443 1382 2526; baseline -0.002 -18"><span class='ocrx_word' id='word_1_158' title='bbox 313 2449 426 2523; x_wconf 88' lang='lat' dir='ltr'>eterna,</span> <span class='ocrx_word' id='word_1_159' title='bbox 456 2444 661 2525; x_wconf 85' lang='lat' dir='ltr'>cogitaciones</span> <span class='ocrx_word' id='word_1_160' title='bbox 683 2444 819 2508; x_wconf 86' lang='lat' dir='ltr'>carnales</span> <span class='ocrx_word' id='word_1_161' title='bbox 841 2449 871 2508; x_wconf 88' lang='lat' dir='ltr'>et</span> <span class='ocrx_word' id='word_1_162' title='bbox 892 2443 1019 2508; x_wconf 89' lang='lat' dir='ltr'>sordide</span> <span class='ocrx_word' id='word_1_163' title='bbox 1049 2443 1136 2526; x_wconf 90' lang='lat' dir='ltr'>quasi</span> <span class='ocrx_word' id='word_1_164' title='bbox 1168 2447 1290 2525; x_wconf 93' lang='lat' dir='ltr'>ponunt</span> <span class='ocrx_word' id='word_1_165' title='bbox 1310 2462 1382 2508; x_wconf 92' lang='lat' dir='ltr'>eum</span> 
     </span>
    </p>

    <p class='ocr_par' dir='ltr' id='par_1_17' title="bbox 313 2533 1385 2616">
     <span class='ocr_line' id='line_1_22' title="bbox 313 2533 1385 2616; baseline 0 -19"><span class='ocrx_word' id='word_1_166' title='bbox 313 2535 348 2598; x_wconf 94' lang='lat' dir='ltr'>in</span> <span class='ocrx_word' id='word_1_167' title='bbox 371 2534 474 2598; x_wconf 92' lang='lat' dir='ltr'>verbis</span> <span class='ocrx_word' id='word_1_168' title='bbox 496 2553 534 2597; x_wconf 86' lang='lat' dir='ltr'>ex</span> <span class='ocrx_word' id='word_1_169' title='bbox 549 2552 612 2598; x_wconf 90' lang='lat' dir='ltr'>una</span> <span class='ocrx_word' id='word_1_170' title='bbox 626 2539 723 2616; x_wconf 83' lang='lat' dir='ltr'>partc;</span> <span class='ocrx_word' id='word_1_171' title='bbox 747 2533 885 2598; x_wconf 91' lang='lat' dir='ltr'>mundus</span> <span class='ocrx_word' id='word_1_172' title='bbox 899 2533 1037 2615; x_wconf 88' lang='lat' dir='ltr'>suggerit</span> <span class='ocrx_word' id='word_1_173' title='bbox 1053 2538 1187 2598; x_wconf 88' lang='lat' dir='ltr'>terrenas</span> <span class='ocrx_word' id='word_1_174' title='bbox 1202 2538 1232 2597; x_wconf 89' lang='lat' dir='ltr'>et</span> <span class='ocrx_word' id='word_1_175' title='bbox 1247 2534 1385 2598; x_wconf 91' lang='lat' dir='ltr'>curiosas</span> 
     </span>
    </p>

    <p class='ocr_par' dir='ltr' id='par_1_18' title="bbox 253 2622 1385 2705">
     <span class='ocr_line' id='line_1_23' title="bbox 253 2622 1385 2705; baseline -0.004 -16"><span class='ocrx_word' id='word_1_176' title='bbox 253 2643 299 2689; x_wconf 87' lang='grc'>555</span> <span class='ocrx_word' id='word_1_177' title='bbox 315 2629 346 2687; x_wconf 85' lang='grc'>51</span> <span class='ocrx_word' id='word_1_178' title='bbox 368 2642 462 2687; x_wconf 90' lang='lat' dir='ltr'>vanas</span> <span class='ocrx_word' id='word_1_179' title='bbox 485 2624 603 2687; x_wconf 87' lang='lat' dir='ltr'>exalia</span> <span class='ocrx_word' id='word_1_180' title='bbox 625 2628 722 2705; x_wconf 84' lang='lat' dir='ltr'>parte;</span> <span class='ocrx_word' id='word_1_181' title='bbox 752 2641 822 2688; x_wconf 92' lang='lat' dir='ltr'>cum</span> <span class='ocrx_word' id='word_1_182' title='bbox 847 2624 907 2686; x_wconf 90' lang='lat' dir='ltr'>hiis</span> <span class='ocrx_word' id='word_1_183' title='bbox 929 2622 1055 2687; x_wconf 91' lang='lat' dir='ltr'>attendit</span> <span class='ocrx_word' id='word_1_184' title='bbox 1077 2622 1187 2702; x_wconf 91' lang='lat' dir='ltr'>anima,</span> <span class='ocrx_word' id='word_1_185' title='bbox 1211 2626 1240 2686; x_wconf 91' lang='lat' dir='ltr'>et</span> <span class='ocrx_word' id='word_1_186' title='bbox 1261 2622 1385 2686; x_wconf 92' lang='lat' dir='ltr'>dimittit</span> 
     </span>
    </p>

    <p class='ocr_par' dir='ltr' id='par_1_19' title="bbox 313 2711 1383 2794">
     <span class='ocr_line' id='line_1_24' title="bbox 313 2711 1383 2794; baseline 0 -19"><span class='ocrx_word' id='word_1_187' title='bbox 313 2713 360 2776; x_wconf 92' lang='lat' dir='ltr'>ire</span> <span class='ocrx_word' id='word_1_188' title='bbox 375 2713 539 2793; x_wconf 88' lang='lat' dir='ltr'>capistrum</span> <span class='ocrx_word' id='word_1_189' title='bbox 556 2712 714 2793; x_wconf 89' lang='lat' dir='ltr'>regiminis</span> <span class='ocrx_word' id='word_1_190' title='bbox 734 2712 874 2777; x_wconf 89' lang='lat' dir='ltr'>racionis.</span> <span class='ocrx_word' id='word_1_191' title='bbox 917 2712 1078 2794; x_wconf 88' lang='lat' dir='ltr'>Dyabolus</span> <span class='ocrx_word' id='word_1_192' title='bbox 1094 2730 1148 2775; x_wconf 92' lang='lat' dir='ltr'>cor</span> <span class='ocrx_word' id='word_1_193' title='bbox 1163 2711 1241 2793; x_wconf 88' lang='lat' dir='ltr'>rapit</span> <span class='ocrx_word' id='word_1_194' title='bbox 1255 2711 1383 2791; x_wconf 84' lang='lat' dir='ltr'>fatuum,</span> 
     </span>
    </p>

    <p class='ocr_par' dir='ltr' id='par_1_20' title="bbox 312 2794 1382 2972">
     <span class='ocr_line' id='line_1_25' title="bbox 313 2794 1382 2880; baseline -0.003 -15"><span class='ocrx_word' id='word_1_195' title='bbox 313 2806 348 2865; x_wconf 95' lang='lat' dir='ltr'>ut</span> <span class='ocrx_word' id='word_1_196' title='bbox 371 2802 492 2867; x_wconf 90' lang='lat' dir='ltr'>asinum</span> <span class='ocrx_word' id='word_1_197' title='bbox 515 2802 574 2880; x_wconf 91' lang='lat' dir='ltr'>tur,</span> <span class='ocrx_word' id='word_1_198' title='bbox 604 2806 634 2866; x_wconf 89' lang='lat' dir='ltr'>et</span> <span class='ocrx_word' id='word_1_199' title='bbox 656 2802 753 2866; x_wconf 90' lang='lat' dir='ltr'>homo</span> <span class='ocrx_word' id='word_1_200' title='bbox 776 2801 876 2879; x_wconf 91' lang='lat' dir='ltr'>miser,</span> <span class='ocrx_word' id='word_1_201' title='bbox 908 2794 1035 2865; x_wconf 86' lang='lat' dir='ltr'>dimissa</span> <span class='ocrx_word' id='word_1_202' title='bbox 1065 2802 1217 2879; x_wconf 90' lang='lat' dir='ltr'>oracione,</span> <span class='ocrx_word' id='word_1_203' title='bbox 1248 2800 1328 2865; x_wconf 91' lang='lat' dir='ltr'>cadit</span> <span class='ocrx_word' id='word_1_204' title='bbox 1351 2801 1382 2863; x_wconf 91' lang='lat' dir='ltr'>in</span> 
     </span>
     <span class='ocr_line' id='line_1_26' title="bbox 312 2889 1123 2972; baseline 0.002 -19"><span class='ocrx_word' id='word_1_205' title='bbox 312 2891 373 2954; x_wconf 91' lang='lat' dir='ltr'>alia</span> <span class='ocrx_word' id='word_1_206' title='bbox 395 2909 489 2972; x_wconf 89' lang='lat' dir='ltr'>parva</span> <span class='ocrx_word' id='word_1_207' title='bbox 511 2890 662 2955; x_wconf 90' lang='lat' dir='ltr'>desideria</span> <span class='ocrx_word' id='word_1_208' title='bbox 685 2895 714 2953; x_wconf 89' lang='lat' dir='ltr'>ct</span> <span class='ocrx_word' id='word_1_209' title='bbox 736 2889 914 2954; x_wconf 91' lang='lat' dir='ltr'>immundas</span> <span class='ocrx_word' id='word_1_210' title='bbox 935 2890 1123 2955; x_wconf 78' lang='lat' dir='ltr'>affectiones.</span> 
     </span>
    </p>
   </div>
   <div class='ocr_carea' id='block_1_5' title="bbox 688 3050 1008 3130">
    <p class='ocr_par' dir='ltr' id='par_1_21' title="bbox 688 3050 1008 3130">
     <span class='ocr_line' id='line_1_27' title="bbox 688 3050 1008 3130; baseline 0.003 -16"><span class='ocrx_word' id='word_1_211' title='bbox 688 3058 740 3115; x_wconf 88' lang='lat'>20.</span> <span class='ocrx_word' id='word_1_212' title='bbox 790 3050 1008 3130; x_wconf 72' lang='lat' dir='ltr'>[=s.195.1</span> 
     </span>
    </p>
   </div>
   <div class='ocr_carea' id='block_1_6' title="bbox 257 3173 1383 3955">
    <p class='ocr_par' dir='ltr' id='par_1_22' title="bbox 257 3173 1383 3955">
     <span class='ocr_line' id='line_1_28' title="bbox 404 3173 1381 3257; baseline -0.003 -17"><span class='ocrx_word' id='word_1_213' title='bbox 404 3179 478 3240; x_wconf 89' lang='lat' dir='ltr'>ltem</span> <span class='ocrx_word' id='word_1_214' title='bbox 501 3176 642 3242; x_wconf 85' lang='lat' dir='ltr'>fabulose</span> <span class='ocrx_word' id='word_1_215' title='bbox 668 3176 780 3239; x_wconf 92' lang='lat' dir='ltr'>dicitur</span> <span class='ocrx_word' id='word_1_216' title='bbox 803 3175 899 3257; x_wconf 90' lang='lat' dir='ltr'>quod,</span> <span class='ocrx_word' id='word_1_217' title='bbox 930 3194 1000 3239; x_wconf 94' lang='lat' dir='ltr'>cum</span> <span class='ocrx_word' id='word_1_218' title='bbox 1031 3176 1128 3239; x_wconf 93' lang='lat' dir='ltr'>homo</span> <span class='ocrx_word' id='word_1_219' title='bbox 1150 3193 1205 3255; x_wconf 93' lang='lat' dir='ltr'>per</span> <span class='ocrx_word' id='word_1_220' title='bbox 1228 3173 1381 3239; x_wconf 85' lang='lat' dir='ltr'>desertum</span> 
     </span>
     <span class='ocr_line' id='line_1_29' title="bbox 257 3264 1382 3347; baseline -0.003 -17"><span class='ocrx_word' id='word_1_221' title='bbox 257 3285 299 3331; x_wconf 88' lang='grc'>555</span> <span class='ocrx_word' id='word_1_222' title='bbox 315 3267 382 3345; x_wconf 91' lang='lat' dir='ltr'>iret,</span> <span class='ocrx_word' id='word_1_223' title='bbox 418 3266 535 3329; x_wconf 89' lang='lat' dir='ltr'>invenit</span> <span class='ocrx_word' id='word_1_224' title='bbox 567 3270 739 3347; x_wconf 88' lang='lat' dir='ltr'>serpentem</span> <span class='ocrx_word' id='word_1_225' title='bbox 763 3265 879 3345; x_wconf 84' lang='lat' dir='ltr'>frigore</span> <span class='ocrx_word' id='word_1_226' title='bbox 915 3264 1075 3341; x_wconf 81' lang='lat' dir='ltr'>afflictum,</span> <span class='ocrx_word' id='word_1_227' title='bbox 1109 3264 1257 3344; x_wconf 77' lang='lat' dir='ltr'>iacentem</span> <span class='ocrx_word' id='word_1_228' title='bbox 1295 3265 1382 3345; x_wconf 90' lang='lat' dir='ltr'>quasi</span> 
     </span>
     <span class='ocr_line' id='line_1_30' title="bbox 314 3353 1382 3436; baseline 0 -19"><span class='ocrx_word' id='word_1_229' title='bbox 314 3360 487 3433; x_wconf 88' lang='lat' dir='ltr'>mortuum;</span> <span class='ocrx_word' id='word_1_230' title='bbox 533 3373 626 3435; x_wconf 91' lang='lat' dir='ltr'>quem</span> <span class='ocrx_word' id='word_1_231' title='bbox 665 3371 845 3436; x_wconf 90' lang='lat' dir='ltr'>compassus</span> <span class='ocrx_word' id='word_1_232' title='bbox 880 3372 951 3418; x_wconf 92' lang='lat' dir='ltr'>cum</span> <span class='ocrx_word' id='word_1_233' title='bbox 991 3353 1021 3416; x_wconf 93' lang='lat' dir='ltr'>in</span> <span class='ocrx_word' id='word_1_234' title='bbox 1060 3353 1130 3416; x_wconf 93' lang='lat' dir='ltr'>sinu</span> <span class='ocrx_word' id='word_1_235' title='bbox 1162 3371 1221 3417; x_wconf 91' lang='lat' dir='ltr'>suo</span> <span class='ocrx_word' id='word_1_236' title='bbox 1255 3353 1382 3433; x_wconf 88' lang='lat' dir='ltr'>ioveret,</span> 
     </span>
     <span class='ocr_line' id='line_1_31' title="bbox 313 3442 1383 3525; baseline -0.003 -17"><span class='ocrx_word' id='word_1_237' title='bbox 313 3445 475 3509; x_wconf 75' lang='lat' dir='ltr'>mleiactus</span> <span class='ocrx_word' id='word_1_238' title='bbox 497 3443 709 3508; x_wconf 89' lang='lat' dir='ltr'>circumvolvit</span> <span class='ocrx_word' id='word_1_239' title='bbox 731 3462 811 3521; x_wconf 87' lang='lat' dir='ltr'>eum,</span> <span class='ocrx_word' id='word_1_240' title='bbox 840 3443 1004 3525; x_wconf 86' lang='lat' dir='ltr'>resumptis</span> <span class='ocrx_word' id='word_1_241' title='bbox 1027 3442 1152 3521; x_wconf 90' lang='lat' dir='ltr'>viribus,</span> <span class='ocrx_word' id='word_1_242' title='bbox 1177 3460 1247 3505; x_wconf 89' lang='lat' dir='ltr'>cum</span> <span class='ocrx_word' id='word_1_243' title='bbox 1272 3443 1383 3507; x_wconf 89' lang='lat' dir='ltr'>intoxi-</span> 
     </span>
     <span class='ocr_line' id='line_1_32' title="bbox 313 3530 1382 3613; baseline -0.002 -16"><span class='ocrx_word' id='word_1_244' title='bbox 313 3552 395 3597; x_wconf 90' lang='lat' dir='ltr'>cans.</span> <span class='ocrx_word' id='word_1_245' title='bbox 441 3533 515 3612; x_wconf 90' lang='lat' dir='ltr'>Qui,</span> <span class='ocrx_word' id='word_1_246' title='bbox 538 3550 609 3596; x_wconf 92' lang='lat' dir='ltr'>cum</span> <span class='ocrx_word' id='word_1_247' title='bbox 632 3551 703 3596; x_wconf 91' lang='lat' dir='ltr'>eum</span> <span class='ocrx_word' id='word_1_248' title='bbox 727 3536 868 3613; x_wconf 87' lang='lat' dir='ltr'>argueret</span> <span class='ocrx_word' id='word_1_249' title='bbox 890 3531 929 3595; x_wconf 89' lang='lat' dir='ltr'>de</span> <span class='ocrx_word' id='word_1_250' title='bbox 957 3530 1182 3611; x_wconf 83' lang='lat' dir='ltr'>ingratitudine,</span> <span class='ocrx_word' id='word_1_251' title='bbox 1211 3531 1382 3612; x_wconf 90' lang='lat' dir='ltr'>respondit:</span> 
     </span>
     <span class='ocr_line' id='line_1_33' title="bbox 316 3620 1382 3703; baseline -0.007 -14"><span class='ocrx_word' id='word_1_252' title='bbox 316 3625 383 3689; x_wconf 75' lang='lat' dir='ltr'>„Tu</span> <span class='ocrx_word' id='word_1_253' title='bbox 407 3623 467 3687; x_wconf 90' lang='lat' dir='ltr'>scis</span> <span class='ocrx_word' id='word_1_254' title='bbox 490 3622 576 3703; x_wconf 93' lang='lat' dir='ltr'>quod</span> <span class='ocrx_word' id='word_1_255' title='bbox 600 3626 706 3685; x_wconf 89' lang='lat' dir='ltr'>natura</span> <span class='ocrx_word' id='word_1_256' title='bbox 730 3639 797 3685; x_wconf 93' lang='lat' dir='ltr'>mea</span> <span class='ocrx_word' id='word_1_257' title='bbox 827 3625 872 3685; x_wconf 89' lang='lat' dir='ltr'>est</span> <span class='ocrx_word' id='word_1_258' title='bbox 903 3620 988 3701; x_wconf 91' lang='lat' dir='ltr'>quod</span> <span class='ocrx_word' id='word_1_259' title='bbox 1013 3638 1077 3684; x_wconf 91' lang='lat' dir='ltr'>non</span> <span class='ocrx_word' id='word_1_260' title='bbox 1101 3638 1200 3684; x_wconf 89' lang='lat' dir='ltr'>noceo</span> <span class='ocrx_word' id='word_1_261' title='bbox 1224 3620 1282 3683; x_wconf 94' lang='lat' dir='ltr'>nisi</span> <span class='ocrx_word' id='word_1_262' title='bbox 1306 3620 1382 3683; x_wconf 89' lang='lat' dir='ltr'>cale-</span> 
     </span>
     <span class='ocr_line' id='line_1_34' title="bbox 257 3709 1382 3790; baseline -0.006 -13"><span class='ocrx_word' id='word_1_263' title='bbox 257 3730 299 3777; x_wconf 80' lang='grc'>555</span> <span class='ocrx_word' id='word_1_264' title='bbox 314 3713 418 3790; x_wconf 91' lang='lat' dir='ltr'>iactus,</span> <span class='ocrx_word' id='word_1_265' title='bbox 454 3716 484 3775; x_wconf 89' lang='lat' dir='ltr'>et</span> <span class='ocrx_word' id='word_1_266' title='bbox 516 3716 591 3775; x_wconf 94' lang='lat' dir='ltr'>tunc</span> <span class='ocrx_word' id='word_1_267' title='bbox 618 3729 773 3774; x_wconf 89' lang='lat' dir='ltr'>venenum</span> <span class='ocrx_word' id='word_1_268' title='bbox 807 3710 969 3774; x_wconf 78' lang='lat' dir='ltr'>effundere</span> <span class='ocrx_word' id='word_1_269' title='bbox 999 3727 1139 3774; x_wconf 89' lang='lat' dir='ltr'>neccesse</span> <span class='ocrx_word' id='word_1_270' title='bbox 1169 3709 1282 3790; x_wconf 86' lang='lat' dir='ltr'>habe0;</span> <span class='ocrx_word' id='word_1_271' title='bbox 1318 3727 1382 3771; x_wconf 93' lang='lat' dir='ltr'>non</span> 
     </span>
     <span class='ocr_line' id='line_1_35' title="bbox 312 3798 1382 3883; baseline -0.006 -18"><span class='ocrx_word' id='word_1_272' title='bbox 312 3802 452 3883; x_wconf 90' lang='lat' dir='ltr'>inculpes</span> <span class='ocrx_word' id='word_1_273' title='bbox 480 3819 530 3864; x_wconf 92' lang='lat' dir='ltr'>me</span> <span class='ocrx_word' id='word_1_274' title='bbox 552 3800 578 3864; x_wconf 90' lang='lat' dir='ltr'>si</span> <span class='ocrx_word' id='word_1_275' title='bbox 601 3804 739 3863; x_wconf 88' lang='lat' dir='ltr'>naturam</span> <span class='ocrx_word' id='word_1_276' title='bbox 771 3818 871 3863; x_wconf 90' lang='lat' dir='ltr'>meam</span> <span class='ocrx_word' id='word_1_277' title='bbox 903 3800 969 3878; x_wconf 86' lang='lat' dir='ltr'>leci,</span> <span class='ocrx_word' id='word_1_278' title='bbox 1000 3798 1054 3862; x_wconf 89' lang='lat' dir='ltr'>sed</span> <span class='ocrx_word' id='word_1_279' title='bbox 1086 3798 1141 3861; x_wconf 93' lang='lat' dir='ltr'>tibi</span> <span class='ocrx_word' id='word_1_280' title='bbox 1173 3798 1297 3879; x_wconf 88' lang='lat' dir='ltr'>imputa,</span> <span class='ocrx_word' id='word_1_281' title='bbox 1328 3798 1382 3877; x_wconf 86' lang='lat' dir='ltr'>qui</span> 
     </span>
     <span class='ocr_line' id='line_1_36' title="bbox 313 3890 752 3955; baseline -0.007 -1"><span class='ocrx_word' id='word_1_282' title='bbox 313 3909 363 3955; x_wconf 89' lang='lat' dir='ltr'>me</span> <span class='ocrx_word' id='word_1_283' title='bbox 385 3890 546 3954; x_wconf 86' lang='lat' dir='ltr'>caleiecisti</span> <span class='ocrx_word' id='word_1_284' title='bbox 569 3893 599 3953; x_wconf 90' lang='lat' dir='ltr'>et</span> <span class='ocrx_word' id='word_1_285' title='bbox 621 3890 752 3954; x_wconf 71' lang='lat' dir='ltr'>louisti.a</span> 
     </span>
    </p>
   </div>
   <div class='ocr_carea' id='block_1_7' title="bbox 686 4030 1007 4111">
    <p class='ocr_par' dir='ltr' id='par_1_23' title="bbox 686 4030 1007 4111">
     <span class='ocr_line' id='line_1_37' title="bbox 686 4030 1007 4111; baseline -0.003 -17"><span class='ocrx_word' id='word_1_286' title='bbox 686 4040 737 4095; x_wconf 75' lang='lat'>21.</span> <span class='ocrx_word' id='word_1_287' title='bbox 786 4031 840 4111; x_wconf 58' lang='grc' dir='ltr'>[ε</span> <span class='ocrx_word' id='word_1_288' title='bbox 863 4030 894 4095; x_wconf 90' lang='lat' dir='ltr'>s.</span> <span class='ocrx_word' id='word_1_289' title='bbox 921 4031 1007 4110; x_wconf 68' lang='lat' dir='ltr'>aon]</span> 
     </span>
    </p>
   </div>
   <div class='ocr_carea' id='block_1_8' title="bbox 313 4128 1384 4329">
    <p class='ocr_par' dir='ltr' id='par_1_24' title="bbox 313 4128 1384 4329">
     <span class='ocr_line' id='line_1_38' title="bbox 402 4128 1384 4236; baseline -0.007 -15"><span class='ocrx_word' id='word_1_290' title='bbox 402 4160 476 4221; x_wconf 89' lang='lat' dir='ltr'>ltem</span> <span class='ocrx_word' id='word_1_291' title='bbox 500 4156 540 4220; x_wconf 93' lang='lat' dir='ltr'>de</span> <span class='ocrx_word' id='word_1_292' title='bbox 561 4156 621 4220; x_wconf 91' lang='lat' dir='ltr'>alia</span> <span class='ocrx_word' id='word_1_293' title='bbox 642 4156 787 4236; x_wconf 89' lang='lat' dir='ltr'>magister</span> <span class='ocrx_word' id='word_1_294' title='bbox 798 4155 931 4236; x_wconf 87' lang='lat' dir='ltr'>Jacobus</span> <span class='ocrx_word' id='word_1_295' title='bbox 947 4154 1023 4218; x_wconf 89' lang='lat' dir='ltr'>dixit</span> <span class='ocrx_word' id='word_1_296' title='bbox 1038 4153 1133 4235; x_wconf 88' lang='lat' dir='ltr'>quod,</span> <span class='ocrx_word' id='word_1_297' title='bbox 1158 4171 1228 4216; x_wconf 91' lang='lat' dir='ltr'>cum</span> <span class='ocrx_word' id='word_1_298' title='bbox 1253 4128 1384 4232; x_wconf 85' lang='lat' dir='ltr'>litigaret</span> 
     </span>
     <span class='ocr_line' id='line_1_39' title="bbox 313 4241 1381 4329; baseline -0.007 -18"><span class='ocrx_word' id='word_1_299' title='bbox 313 4265 385 4329; x_wconf 87' lang='lat' dir='ltr'>sepe</span> <span class='ocrx_word' id='word_1_300' title='bbox 419 4265 490 4312; x_wconf 92' lang='lat' dir='ltr'>cum</span> <span class='ocrx_word' id='word_1_301' title='bbox 526 4245 606 4325; x_wconf 89' lang='lat' dir='ltr'>viro,</span> <span class='ocrx_word' id='word_1_302' title='bbox 641 4245 770 4309; x_wconf 88' lang='lat' dir='ltr'>vocabat</span> <span class='ocrx_word' id='word_1_303' title='bbox 807 4262 879 4308; x_wconf 93' lang='lat' dir='ltr'>eum</span> <span class='ocrx_word' id='word_1_304' title='bbox 916 4242 1140 4324; x_wconf 88' lang='lat' dir='ltr'>pediculosum.</span> <span class='ocrx_word' id='word_1_305' title='bbox 1196 4241 1247 4307; x_wconf 92' lang='lat' dir='ltr'>llle</span> <span class='ocrx_word' id='word_1_306' title='bbox 1278 4246 1381 4305; x_wconf 91' lang='lat' dir='ltr'>autem</span> 
     </span>
    </p>
   </div>
   <div class='ocr_carea' id='block_1_9' title="bbox 0 0 1777 5025">
    <p class='ocr_par' dir='ltr' id='par_1_25' title="bbox 0 0 1777 5025">
     <span class='ocr_line' id='line_1_40' title="bbox 0 0 1777 5025; baseline 0 0"><span class='ocrx_word' id='word_1_307' title='bbox 0 0 1777 5025; x_wconf 95' lang='lat' dir='ltr'> </span> 
     </span>
    </p>
   </div>
  </div>
 </body>
</html>
